3134 4964
749 450 970 512 ..60-

326 645 429 728 paullo
452 643 590 726 superior
613 645 680 707 erat
704 642 825 707 Achille
849 643 970 706 sedente
994 642 1032 706 ad
1049 642 1179 706 eundem
1195 641 1330 714 modum,
1355 638 1393 701 ad

328 771 419 835 quem
436 752 466 815 X
482 752 535 828 25,
551 752 572 815 4
588 747 725 836 Διομήδη
744 746 829 833 ὑπὲρ
845 745 954 836 αὐτῆς
970 745 1147 834 (Briseidis)
1163 746 1255 812 fuisse
1271 745 1394 810 dicitnr.

327 857 365 925 cf.
389 878 418 940 p.
436 859 477 922 42
502 859 534 923 et
556 856 653 923 Gebh.
678 857 699 922 l.
724 876 750 921 c.
776 876 805 938 p.
823 859 879 932 293
906 859 936 922 8.

393 965 599 1047 X30,4sq.
626 968 784 1047 γέγραπται
814 962 846 1025 δέ
875 959 966 1045 ίντὲρ
997 960 1137 1034 αὐτοὺς
1168 959 1394 1046 (Antilochum,

328 1072 602 1154 Agamemnonem,
627 1070 841 1150 Protesilaum,
874 1069 1038 1146 Achillem,
1070 1067 1260 1152 Patroclum)
1284 1064 1396 1138 Φῶκός

328 1202 358 1242 τε
374 1215 417 1226 -
432 1173 683 1248 καὶ’1αοει’)ς-.
707 1173 791 1262 ὑπὲρ
812 1178 957 1247 τοίντοος
980 1175 1097 1262 (cedrea
1113 1175 1171 1261 La)
1195 1173 1300 1257 Μαιροί
1321 1171 1396 1236 έοτιν

328 1283 374 1349 ἐπὶ
403 1289 494 1368 πέτρα
527 1287 716 1370 καθεζομένη
741 1323 793 1347 -.
824 1281 931 1372 ἐφεξῆς
961 1283 993 1346 δέ
1023 1291 1077 1366 τῆς
1106 1279 1226 1364 Μαιρᾶς
1248 1278 1396 1344 Ἀκταίων

328 1388 403 1455 ἐστὶν
428 1429 467 1437 -
493 1393 545 1455 καί
567 1389 587 1479 ἡ
611 1400 660 1455 τοῦ
681 1389 864 1461 Ἀκταίωνος
887 1395 983 1477 μητηρ
1008 1427 1049 1437 -
1073 1385 1120 1451 ἐπί
1144 1389 1262 1473 δέρματι
1284 1384 1396 1474 έλοίροο

327 1502 531 1584 καθεζόμενοι.
562 1499 717 1582 periegeta
740 1498 916 1576 Antilocho,
945 1499 1184 1581 Agamemnone,
1214 1495 1395 1573 Protesilao,

329 1607 464 1686 Achille,
488 1606 633 1670 Patroclo
656 1605 787 1671 recensis
802 1605 833 1669 in
850 1606 1018 1688 superiores
1033 1602 1159 1670 tabulae
1174 1605 1278 1686 partes
1294 1602 1397 1669 oculos

329 1711 494 1789 convertit;
507 1714 538 1778 et
549 1712 683 1794 primum
693 1712 817 1797 quidem
827 1731 920 1796 supra
929 1712 1000 1778 illos
1010 1712 1149 1778 Phocum
1160 1715 1192 1776 et
1201 1711 1322 1776 laseum
1330 1709 1395 1796 128),

329 1819 437 1884 deinde
452 1839 544 1903 supra
562 1820 617 1885 hos
630 1819 781 1897 Macram,
796 1821 982 1886 Actaeonem
998 1820 1121 1902 eiusque
1132 1821 1263 1883 matrem
1277 1817 1396 1901 conspi-

219 1984 229 2003 „
330 1928 382 1994 cit.
407 1946 479 1992 nam
502 1927 534 1991 in
549 1927 707 1992 inferiores
722 1930 825 2009 partes
848 1928 902 2009 §6
927 1927 1008 1993 redit
1024 1925 1236 2013 (ἀποβλέψαντι
1260 1925 1293 1988 δὲ
1308 1921 1397 1997 αὖθις

329 2031 365 2107 ές
388 2037 430 2097 τὰ
450 2039 545 2098 κάτω
561 2045 615 2121 της
630 2045 747 2123 γραρης
764 2034 838 2099 ἔστιν
854 2032 982 2123 έρεξης
1005 2038 1092 2119 μετὰ
1115 2036 1172 2099 τὸν
1188 2032 1397 2116 Πάτροκλον

332 2179 370 2187 -
396 2137 546 2229 Ὀρφεὺς),
571 2144 602 2206 et
624 2142 811 2207 Actaeonem
835 2141 867 2205 in
883 2141 1038 2230 superiore
1053 2141 1178 2206 tabulae
1193 2144 1282 2223 parte
1305 2140 1397 2205 fuisse

329 2249 520 2331 apertissime
550 2247 625 2313 dicit
648 2249 679 2313 X
701 2251 806 2326 31,1:
838 2245 863 2312 εί
893 2249 926 2312 δὲ
948 2246 1063 2320 ἀπίδοις
1091 2249 1178 2312 πάλιν
1208 2244 1245 2319 ές
1268 2249 1304 2310 τδ
1328 2245 1397 2311 ἄνω

330 2365 383 2442 της
412 2365 529 2442 ηραρης
558 2353 631 2418 ἔστιν
661 2353 792 2442 έρεξης
822 2367 866 2439 τῷ
896 2351 1084 2419 Ἀκταίωνι
1114 2354 1199 2426 Αἴας.
1230 2354 1268 2422 cf.
1299 2353 1396 2420 Geth.

330 2463 352 2528 l.
376 2461 398 2525 l.
423 2482 453 2544 p.
471 2465 513 2527 29

397 2568 430 2634 Χ
454 2571 506 2646 31,
524 2571 544 2634 8
561 2588 605 2651 sq.
629 2566 715 2654 ὑπὲρ
738 2570 771 2633 δέ
786 2572 843 2634 τὸν
859 2567 1072 2656 Σαρπηδόνα
1095 2592 1125 2632 τε
1147 2573 1199 2633 καί
1215 2567 1397 2656 Μέμνονα,

330 2675 406 2740 ’έοτιν
422 2672 505 2759 ὑπὲρ
522 2672 649 2747 αὐτοὺς
666 2675 762 2761 Πάρις
778 2715 830 2743 -.
855 2676 914 2740 ἔστι
930 2677 1029 2740 δὲκαὶ
1044 2673 1064 2764 ἡ
1081 2675 1278 2741 Πενθεσίλεια
1300 2674 1399 2761 ὁρῶσα

331 2781 363 2856 ές
386 2786 433 2847 τδν
457 2781 550 2868 Πάριν
574 2821 625 2845 -.
656 2779 687 2846 αἱ
717 2783 749 2846 δέ
779 2779 863 2867 ὑπὲρ
887 2788 947 2871 την
970 2783 1230 2850 Πενθεσίλειαν
1260 2789 1400 2873 ρέροοοαι

331 2895 383 2975 μέν
407 2886 474 2953 eico
496 2886 586 2974 ὕδωρ.
610 2890 736 2968 Hector,
761 2890 925 2974 Sarpedon,
951 2891 1096 2958 Memnon
1119 2891 1258 2956 infimam
1274 2890 1398 2956 tabulae

332 2997 444 3062 lineam
461 2996 666 3081 occupabant;
691 2999 730 3062 ah
745 2999 794 3063 his
810 2998 987 3077 Pausanias,
1012 3018 1072 3080 qua
1095 2998 1196 3064 utitur
1211 2999 1399 3066 describendi

331 3105 459 3182 ratione,
473 3104 576 3171 oculos
588 3105 686 3170 denuo
700 3106 737 3171 ad
750 3106 917 3189 superiores
932 3105 1049 3190 figuras
1062 3104 1187 3190 derigit:
1205 3106 1244 3173 ed
1256 3107 1398 3172 Paridem

332 3214 363 3277 et
377 3211 615 3290 Penthesileam,
641 3214 691 3295 qui
708 3214 811 3296 paullo
828 3212 971 3280 altiorem
988 3213 1160 3296 Sarpedone
1176 3213 1399 3296 Memnoneque

332 3319 434 3384 locum
446 3319 647 3385 tenebant-
659 3319 757 3386 eidem
770 3320 851 3386 enim
863 3321 1083 3406 symplegmati
1095 3321 1251 3386 tribuendi
1261 3324 1333 3386 sunt
1347 3358 1397 3400 -,

333 3425 441 3491 deinde
458 3425 496 3491 ad
509 3426 649 3507 feminas,
667 3447 743 3510 quae
755 3447 849 3510 supra
860 3428 1086 3494 Penthesileam
1099 3447 1210 3512 aquam
1223 3426 1397 3511 portabant.

406 3657 452 3728 ¹2⁸)
472 3660 608 3730 Ruegerns
628 3661 646 3715 l.
664 3660 683 3714 l.
701 3678 727 3730 p.
741 3663 774 3715 53
794 3661 828 3716 ad
846 3662 870 3716 X
890 3662 963 3726 30,4
982 3664 1010 3715 et
1029 3661 1053 3714 X
1072 3661 1146 3727 29,8
1170 3660 1206 3733 (ν.
1219 3660 1311 3731 snpra)
1335 3662 1400 3715 haec

332 3747 458 3803 adnotat:
483 3747 544 3803 ‘Die
563 3749 668 3804 Namen
692 3748 738 3804 der
756 3749 872 3819 l'iguren
891 3749 940 3804 ant
960 3749 1010 3804 den
1030 3749 1174 3805 Gemdlden
1198 3749 1311 3806 standen
1336 3749 1400 3804 iiber

334 3837 384 3892 den
398 3837 579 3893 betreffenden
593 3839 718 3909 Fignren.
738 3839 787 3894 Bei
800 3839 885 3894 dieser
896 3840 1113 3909 katalogartigen
1124 3839 1313 3908 Bestimmung
1326 3839 1400 3894 steht

334 3927 462 3982 ebenialls
481 3927 557 3998 ὑπέρ,
576 3945 605 3982 so
624 3945 644 3985 z.
658 3927 690 3981 Β.
709 3928 733 3982 X
753 3929 826 3993 30,4
844 3928 987 4000 ηέηραπται
1007 3926 1034 3980 δὲ
1053 3928 1116 4000 ὑπὲρ
1136 3926 1244 3992 αὐτούς,
1264 3929 1289 3982 Χ
1307 3928 1350 3992 29,
1364 3925 1399 3983 8'.

334 4017 379 4071 hio
396 4016 555 4070 manifestus
573 4019 615 4071 est
632 4033 716 4082 error3
735 4034 819 4086 neque
836 4019 906 4072 enim
924 4017 957 4073 de
969 4017 1122 4073 nominibus
1134 4018 1290 4088 figurarum,
1310 4016 1400 4072 sedda

334 4107 428 4175 figuris
442 4106 508 4175 ipsis
522 4105 632 4161 dicitur:
651 4106 792 4178 γέγραπται
806 4109 834 4161 et
847 4105 958 4178 ἔηροιψεν
970 4108 1012 4162 his
1025 4107 1090 4163 locis
1103 4123 1156 4162 non
1173 4108 1263 4162 valent
1276 4105 1399 4176 ‘scriptos

334 4193 383 4252 est’
404 4198 431 4249 et
450 4192 586 4266 ‘scripsitss
607 4195 653 4250 sed
673 4194 769 4267 ‘pictus
788 4194 836 4251 est’
856 4199 883 4250 et
901 4195 1016 4268 ‘pinrit’.
