3134 4964
753 458 970 520 ..52-

387 649 436 714 III
460 652 513 728 22,
531 652 550 716 8
566 653 655 736 κώμη
672 650 704 712 δὲ
719 646 786 713 tce
794 673 811 734 p
834 652 873 713 τὸ
896 650 1071 736 πόλισμά
1094 649 1149 737 (sc.
1167 650 1296 738 Μαριόν)
1312 648 1388 717 ἐστιν

320 755 350 822 ἐν
373 762 516 844 μεσογαίορ
543 762 594 822 καί
622 755 706 846 αὐτη,
730 755 876 822 Γλυππία.
904 753 998 824 ‘fiber’
1025 760 1075 825 vel
1103 755 1287 838 ‘oberhalb'3
1315 780 1387 826 nam

320 886 379 950 quo
407 868 475 951 quis
501 867 626 952 longius
654 887 673 932 a
699 866 778 933 mari
805 868 943 946 recessit,
972 867 1011 932 ud
1043 886 1078 933 eo
1111 868 1253 934 altiorem
1284 868 1387 934 Iocum

320 975 437 1040 accedit
452 975 618 1040 secuudum
635 974 796 1058 vulgarem
808 973 965 1060 cogitandi
977 975 1143 1053 rationemr
1160 995 1195 1041 ex
1207 995 1267 1059 qua
1279 974 1388 1042 Graeci

321 1081 421 1147 dicere
444 1085 666 1149 consueverunt
689 1081 882 1166 ἀναβαίνειν,
906 1082 955 1147 cui
978 1082 1072 1149 verbo
1095 1086 1306 1167 καταβαίνειν
1334 1103 1388 1167 op·

321 1188 457 1272 ponitur.
474 1189 531 1255 hoc
548 1189 580 1254 in
596 1189 736 1255 nostrum
753 1188 856 1256 locum
868 1207 902 1254 eo
918 1190 1017 1274 magis
1029 1189 1120 1268 cadit,
1133 1209 1204 1255 cum
1216 1191 1388 1275 periegetae

320 1295 380 1362 iter
403 1315 421 1360 a
445 1296 525 1362 mari
547 1294 579 1360 in
598 1295 834 1361 Lacedaemoms
856 1298 1034 1362 montuosos
1057 1297 1196 1380 regiones
1219 1295 1387 1382 derigatur,

319 1403 351 1467 in
375 1403 485 1486 quibus
508 1403 625 1470 Marios
648 1403 829 1487 oppidulum
852 1401 987 1486 positum
1011 1402 1152 1490 crat¹⁰⁸).
1180 1404 1219 1471 of.
1244 1405 1261 1488 β
1286 1409 1306 1471 (i
1330 1403 1388 1470 ἀπὸ

320 1511 481 1598 θαλάσσης
511 1510 543 1574 δὲ
573 1509 648 1574 ἄνω
680 1509 844 1595 Γερόνθραι
874 1511 1010 1584 σταδίους
1040 1509 1198 1599 ἀπέχουσιν
1225 1511 1390 1577 eiuncescit

321 1614 426 1682 ἑκατὸν
444 1613 572 1701 Ἀκριῶν
595 1619 626 1684 et
650 1618 668 1702 β
691 1620 722 1699 9,
747 1617 801 1682 ubi
816 1617 983 1683 Pausanias
1005 1618 1109 1684 omnio
1124 1619 1193 1684 loce
1208 1619 1389 1686 mediterra-

320 1743 376 1789 nea
399 1742 418 1788 a
441 1742 473 1789 se
488 1726 653 1807 peragrata
668 1723 885 1807 complectitur
901 1723 1002 1789 verbis
1025 1723 1094 1788 τάδε
1118 1727 1170 1810 μὲν
1186 1721 1245 1788 ἀπὸ
1260 1719 1389 1809 Ἀκριῶν

321 1828 395 1895 ἄνω
417 1834 493 1915 πρὸς
515 1830 643 1919 ἤπειρον,
674 1833 710 1894 τὰ
734 1830 766 1894 δὲ
789 1834 864 1914 πρὸς
887 1832 1031 1917 θαλάσση
1062 1835 1133 1898 cett.
1165 1831 1307 1897 similiter
1335 1831 1387 1897 Ps.

321 1937 443 2022 Soymn.
469 1939 533 2003 495
550 1956 593 2021 sq.
618 1933 697 2001 οὗτοι
720 1937 752 2000 δὲ
781 1939 846 2021 περὶ
876 1942 926 2025 την
949 1934 1055 2001 Αἰολίδ’
1084 1934 1152 2002 εἰσίν
1180 1933 1207 2001 οἱ
1229 1942 1327 2019 τόποι,
1359 1935 1388 2003 ἐν

321 2041 365 2114 οἷς
398 2041 588 2128 Ταναγραίων
621 2041 681 2108 ἐστὶ
712 2049 831 2132 κειμένη
862 2045 955 2121 πόλις,
991 2042 1082 2129 ὑπὲρ
1117 2045 1150 2109 δὲ
1183 2046 1326 2131 ταδτην
1359 2041 1393 2111 ἐκ

322 2155 463 2243 μεσογείῳ
487 2150 619 2215 Θεσπιαί.
649 2151 743 2235 vulgo
766 2155 871 2218 autem
894 2152 925 2217 in
946 2153 1004 2219 tali
1022 2151 1173 2219 sententie
1196 2149 1267 2238 ὑπὲρ
1290 2150 1389 2236 pcrti-

321 2258 422 2323 culam
434 2258 595 2342 genetivus
607 2259 756 2341 sequitur,
772 2259 859 2324 velut
873 2258 903 2323 X
916 2260 968 2336 38,
983 2261 1002 2324 8
1018 2260 1126 2323 τοίιτων
1143 2257 1175 2322 δὲ
1190 2269 1246 2323 τῶν
1258 2256 1386 2342 Λοκρῶν

323 2366 440 2429 τοσαίδε
464 2363 555 2428 ἄλλαι
576 2363 677 2437 πόλεις
701 2362 778 2442 εἰσίν,
806 2364 867 2429 ἅνω
897 2369 949 2450 μὲν
978 2363 1063 2449 ὑπὲρ
1086 2362 1288 2455 Ἀμφίσσης
1315 2369 1389 2450 πρὸς

320 2471 437 2559 ἤπειρον
450 2469 581 2549 Μοωνία,
595 2472 723 2544 σταδίοις
735 2470 874 2556 ἀπωτέρω
887 2477 1039 2559 τριάκοντα
1050 2470 1234 2562 Ἀμμίσσης;
1247 2473 1285 2541 of.
1299 2490 1390 2556 supra

321 2599 350 2662 p.
366 2582 419 2647 31.
438 2579 592 2665 Glyppiae
614 2580 688 2665 pagi
711 2580 790 2648 situs
812 2580 913 2646 adhuc
935 2581 1070 2648 incertus
1086 2583 1143 2648 est.
1166 2601 1196 2647 ν.
1215 2581 1302 2647 dure.
1318 2580 1342 2647 l.
1359 2600 1385 2646 c.

321 2687 355 2750 II
377 2706 407 2769 p.
425 2689 489 2757 303
506 2706 550 2770 sq.
580 2688 611 2752 et
634 2689 723 2752 Burs.
748 2687 769 2751 I.
795 2707 819 2754 o.
846 2689 878 2752 II
900 2707 931 2771 p.
949 2689 1023 2755 135.

388 2795 434 2859 IV
457 2795 570 2872 35,10
594 2791 751 2880 Ῥωμαίοις
775 2794 807 2857 δὲ
830 2791 915 2880 ὑπὲρ
939 2798 999 2882 την
1022 2796 1137 2871 πόλιν,
1162 2794 1321 2878 διαβάντων
1341 2797 1389 2859 τὸν

318 2898 422 2966 Ἀνιον
446 2898 659 2986 ὀνομαζόμενον
683 2905 823 2987 ποταμόν,
847 2898 926 2986 ὕδωρ
949 2902 1053 2965 λευκόν
1074 2898 1159 2970 ἐστιν.
1183 2900 1235 2986 qui
1255 2920 1275 2967 a
1292 2902 1390 2968 Roma

320 3008 404 3073 intus
418 3006 451 3074 in
466 3006 706 3074 mediterraneas
721 3007 848 3090 ideoque
864 3008 1033 3091 superiores
1049 3007 1188 3093 regiones
1210 3027 1242 3074 se
1257 3007 1386 3088 confert,

321 3114 469 3180 Anienem
484 3117 693 3200 transgressus
709 3115 748 3179 ad
764 3111 843 3198 ὕδωρ
866 3114 971 3178 λεοκον
987 3114 1137 3197 peruenit,
1154 3112 1174 3179 i.
1192 3131 1218 3183 o.
1236 3113 1275 3179 ad
1291 3132 1386 3197 squas

322 3221 468 3298 Albulam
492 3240 569 3305 quae
593 3218 687 3288 ‘iuxta
702 3216 905 3304 Romam'¹⁰⁹)
929 3217 968 3284 ‘iu
986 3220 1151 3286 Tiburtina
1168 3217 1299 3306 via’¹¹⁰)‚
1323 3219 1344 3285 i.
1361 3238 1387 3285 e.

320 3330 352 3394 in
364 3349 471 3414 campo
487 3330 615 3397 Anienis
632 3330 740 3395 Tiburi
756 3329 893 3396 subiecto
903 3328 956 3414 ¹¹¹)
973 3328 1049 3395 sitae
1062 3327 1154 3395 hodie
1164 3324 1282 3412 ‘Aequa
1294 3323 1389 3395 Zolfa'

321 3437 370 3503 vel
399 3435 571 3506 ‘Solfatorc’
597 3437 804 3504 nominentur.
834 3436 872 3503 cf.
897 3435 931 3503 O.
955 3436 980 3502 Ι.
1005 3437 1039 3501 L.
1070 3435 1146 3501 XIV
1172 3455 1203 3519 p.
1224 3437 1288 3503 435
1318 3454 1388 3500 cum

320 3544 429 3611 tabula
452 3544 658 3631 geographica
673 3544 825 3630 Kieperti‚
841 3543 1010 3609 Wemiclrii
1033 3539 1088 3608 ‘De
1105 3543 1195 3608 Pcus.
1219 3542 1290 3607 Per.
1306 3541 1388 3608 stud.

322 3649 482 3720 Herodot’
498 3673 526 3736 p.
546 3656 619 3721 107.
644 3653 755 3721 similis
771 3652 830 3720 Ioci
846 3651 1009 3734 descriptio
1025 3651 1142 3735 legitur
1157 3649 1238 3734 apud
1254 3650 1388 3733 AppIan.

394 3843 441 3916 ¹⁰¹)
459 3847 492 3906 V.
511 3847 589 3904 Burs.
608 3849 625 3908 l.
647 3865 668 3909 c.
686 3849 715 3904 II
734 3848 785 3904 135
804 3863 852 3918 sq„
872 3845 947 3904 Curt.
966 3846 985 3900 l.
1005 3861 1025 3902 o.
1046 3844 1074 3901 11
1093 3862 1118 3916 p.
1132 3844 1192 3901 303.

393 3934 438 4006 ¹⁰⁹)
457 3937 526 3993 PIIn.
546 3954 572 3994 n.
592 3938 620 3993 h.
638 3937 729 3993 XXXI
748 3938 765 3993 2
784 3935 835 4004 (6).

393 4023 438 4095 ¹¹⁰)
458 4025 562 4082 Vitrur.
583 4026 652 4082 VIII
671 4027 696 4090 3,-
710 4024 739 4090 2;
766 4021 908 4080 secuudum
928 4021 1049 4078 tutulum
1069 4021 1303 4091 Pontingerienem
1322 4020 1388 4075 XVI

321 4113 431 4170 milibus
449 4131 556 4185 passum
574 4115 608 4170 ab
629 4114 700 4170 urbe.

394 4201 441 4270 ¹¹¹)
462 4202 549 4262 Streb.
568 4203 592 4257 V
611 4203 636 4269 3,
650 4203 693 4256 11.
