3134 4964
672 442 896 504 ...23-

249 629 418 701 Pausaniae
434 634 492 718 ipsi
509 635 704 702 attribuenda
720 638 788 702 est?
812 635 864 702 sed
879 637 956 702 haec
976 635 1158 722 singillatim
1176 635 1314 720 persequi

248 741 378 827 longum
401 743 459 808 est.

315 851 446 918 Restant
468 852 606 936 exempla
628 853 719 918 haec:

315 958 363 1023 lx
379 961 468 1039 23‚2
492 956 509 1022 ὁ
532 963 584 1045 μὲν
606 959 643 1047 δὴ
664 957 707 1032 ὡς
722 956 784 1045 εἶχε
799 959 1004 1024 κατακλίνεται
1026 960 1123 1046 βραχὺ
1146 955 1230 1042 ὑπὲρ
1254 969 1314 1047 τῆς

248 1061 344 1130 ὁδου.
371 1062 429 1132 ‘cin
445 1066 545 1152 uenig
560 1067 635 1132 siber
651 1067 719 1132 dem
736 1067 833 1151 Wege
856 1063 991 1145 druiben’,
1015 1085 1075 1133 non
1097 1067 1188 1151 longe
1212 1085 1230 1132 a
1253 1067 1313 1134 via.

315 1175 362 1241 lx
386 1177 416 1252 3,
441 1178 461 1242 9
490 1170 573 1258 ὑπὲρ
598 1175 630 1238 δὲ
653 1186 714 1263 της
736 1185 924 1263 κορυφῆς,
955 1171 1037 1264 ἐφ’γίγ
1060 1177 1108 1240 τὸν
1128 1178 1226 1261 βωμὸν
1249 1197 1315 1239 τοι-

248 1289 361 1358 ουνται,
395 1285 477 1346 πέντε
506 1304 562 1347 που
593 1285 719 1368 μάλιστα
748 1286 799 1346 καὶ
829 1283 903 1346 δέκα
933 1279 1149 1367 ὑποκαταβάντι
1180 1278 1316 1353 σταδίους

248 1399 366 1476 νυμφῶν
397 1386 472 1454 ἐστίν
499 1387 602 1475 ἄντρον
631 1388 869 1473 Κιθαιρωνίδων,
895 1389 1068 1478 Σφραγίδιον
1096 1393 1147 1475 μὲν
1171 1386 1315 1474 ὀνομαζό-

248 1517 343 1581 μενον.
389 1496 491 1562 sicin
520 1496 676 1564 codicibus
708 1497 860 1564 traditum
895 1500 926 1562 et
959 1497 997 1562 ab
1020 1498 1172 1563 Amasaeo
1195 1515 1314 1580 quoque

248 1602 364 1669 lectum
387 1605 443 1670 est.
478 1623 576 1688 neque
599 1605 680 1670 recte
703 1604 841 1670 feceruut
858 1603 1034 1671 Dindorfius
1057 1605 1089 1669 et
1110 1603 1310 1683 Schubartus,

249 1708 329 1792 quod
352 1710 558 1776 coniecturam
574 1711 706 1777 Bekkeri
729 1707 797 1776 ὑπὸ
813 1721 868 1798 της
882 1721 1016 1800 κορυρης
1030 1711 1062 1776 in
1079 1711 1216 1777 ordinem
1233 1729 1314 1776 rece·

248 1818 368 1900 petunt.
404 1816 479 1883 haec
503 1817 584 1883 enim
607 1813 662 1881 oea
685 1818 920 1902 praepositionis
943 1837 1012 1883 cum
1036 1837 1106 1902 gen.
1122 1817 1315 1900 usurpandae

248 1922 327 1989 ratio
350 1923 383 1988 in
397 1923 552 1991 Pausania
574 1923 623 1990 uix
639 1923 762 1990 videtur
784 1923 908 1990 ferenda
932 1923 1056 2011 esse⁴⁸).
1094 1924 1188 1991 uerba
1210 1927 1314 1990 auteur

250 2059 462 2069 ——--—.

320 2135 353 2205 ⁴⁸)
373 2133 438 2189 Ὗπά
457 2153 516 2192 cnm
536 2153 596 2206 gen.
615 2137 694 2193 locali
713 2153 791 2191 sensu
809 2153 825 2191 a
843 2136 972 2207 scriptore
990 2138 1118 2206 quattuor
1130 2138 1237 2191 tantum
1249 2136 1314 2192 locis

250 2223 320 2292 138,
337 2225 349 2280 l
368 2225 398 2279 II
412 2226 485 2293 24,4
502 2225 597 2294 vna,
612 2226 643 2280 11
663 2225 732 2280 VIII
746 2227 788 2291 37,
802 2227 819 2280 6
843 2225 1015 2280 coniunctum
1037 2225 1178 2296 reperitur,
1204 2242 1314 2295 quorum
1374 2284 1378 2292 ,

249 2313 264 2368 Ι
277 2315 320 2379 38,
336 2317 348 2369 l
363 2317 392 2370 et
404 2316 433 2371 11
446 2315 488 2381 al,
502 2316 519 2369 4
532 2314 605 2369 omni
619 2314 787 2370 dubitatione
801 2317 900 2380 carent,
913 2331 972 2370 cum
982 2315 1080 2369 locutio
1091 2313 1140 2366 ὑπὸ
1150 2319 1202 2385 γῆς
1214 2315 1315 2369 usitata

250 2404 295 2458 sit.
314 2404 359 2459 sed
378 2404 518 2474 qnoniam,
542 2404 656 2474 exceptis
674 2403 855 2459 locutionibus
880 2402 930 2456 ὑπὸ
949 2410 1000 2476 γῆς
1019 2403 1063 2471 (of.
1080 2403 1110 2459 F.
1129 2402 1236 2457 Krebsii
1255 2401 1316 2457 ‘Die

249 2493 381 2563 Priiposit.
398 2492 424 2547 b.
442 2491 544 2565 Polyb?
563 2493 591 2548 in
608 2494 645 2549 M.
663 2492 787 2549 Schanzii
804 2491 941 2562 ‘Beitrdge
958 2510 979 2547 z.
998 2492 1062 2548 hist.
1080 2492 1155 2562 Sput.
1169 2491 1195 2547 d.
1212 2491 1314 2562 grieoh.

250 2579 319 2652 Spr?
340 2581 351 2636 l
368 2600 394 2652 p.
407 2581 454 2653 47)
477 2584 504 2638 ot
524 2581 573 2634 ὑπὸ
593 2580 684 2654 μάλης
707 2582 788 2652 (Xeu.
806 2581 875 2636 Hell.
894 2581 972 2646 113,
995 2582 1043 2647 23,
1061 2581 1122 2651 Lys.
1140 2580 1191 2650 frg.
1210 2580 1257 2646 54;
1281 2581 1314 2635 cf.

249 2671 280 2727 L.
293 2671 383 2726 Lutaii
400 2669 461 2727 ‘Die
476 2671 554 2742 Prdp.
571 2671 597 2727 b.
614 2670 640 2725 d.
659 2673 709 2726 att.
726 2669 820 2727 Redn?
840 2670 936 2742 Gymn.
953 2671 1033 2740 Prog.
1053 2669 1188 2725 Neustedt
1203 2687 1227 2725 a.
1241 2668 1267 2725 d.
1280 2669 1314 2725 H.

250 2760 318 2816 1881
326 2779 352 2830 p.
363 2761 434 2831 118),
445 2758 493 2812 ὑπό
503 2777 564 2816 cum
575 2776 634 2830 gen.
645 2758 787 2816 admodum
802 2777 860 2814 raro
876 2762 1020 2830 usurpatur
1034 2759 1063 2814 in
1073 2775 1190 2814 sermone
1199 2758 1315 2829 pedestri

250 2848 284 2916 (ν.
297 2851 331 2905 K.
339 2849 379 2908 VV.
393 2849 523 2919 Kruegeri
535 2847 650 2905 ε(ἔτίοοδ.
665 2847 862 2919 Sprachlehre’⁶
879 2849 893 2903 1
912 2850 928 2917 β
942 2849 985 2913 68,
998 2849 1033 2904 43
1045 2847 1107 2903 adn.
1123 2848 1157 2916 l),
1175 2847 1247 2903 locos
1260 2846 1315 2901 VII

249 2937 275 3001 2,
291 2940 320 2993 11
336 2939 364 2993 et
373 2938 439 2994 VIII
453 2939 497 3004 37,
510 2940 527 2993 6
546 2937 715 2995 coniectando
735 2937 863 3008 corrigere
875 2954 905 2993 eo
918 2937 1006 2993 miuus
1021 2936 1123 3002 dubito,
1143 2953 1195 3006 quo
1208 2935 1315 2991 facilius

249 3026 279 3081 id
296 3027 353 3083 fiori
365 3029 461 3098 potest.
474 3027 627 3098 itaqueVlI
641 3028 667 3093 2,
680 3029 709 3082 ll
724 3044 771 3098 pro
780 3024 949 3097 Ἀταρνείτας
967 3057 1003 3065 -
1021 3027 1083 3088 τοὺς
1097 3025 1145 3078 ὑπὸ
1159 3023 1313 3097 Περγάμου

250 3116 336 3172 scribo
364 3115 414 3169 ὑπὸ
445 3114 587 3189 Περγάμῳ
617 3116 661 3185 (ci.
684 3116 723 3171 lv
747 3117 795 3181 36,
824 3117 838 3171 7
867 3116 944 3188 πηγὴ
973 3115 1022 3168 ὑπὸ
1046 3120 1079 3185 τῇ
1105 3112 1180 3166 πόλει
1204 3112 1309 3187 πλησίοι

250 3203 393 3276 θαλάσσης
412 3204 472 3260 ἐστί.
490 3205 560 3260 VIII
575 3205 615 3272 14,
631 3205 644 3260 l
660 3205 698 3260 IX
712 3205 755 3270 24,
769 3205 800 3272 5)
819 3205 862 3261 vel
881 3204 929 3257 ὑπὸ
949 3201 1095 3275 Πέργαμον
1114 3203 1162 3273 (cf.
1174 3201 1229 3257 Vll
1241 3203 1311 3268 27,l

251 3292 334 3366 πηγαί
354 3312 438 3366 σφισιν
459 3293 507 3347 ὑπὸ
526 3293 574 3366 τὴν
594 3292 667 3347 πόλιν
686 3291 757 3348 εἰσίν.
776 3292 848 3361 128,
865 3293 964 3349 3vl11
983 3295 1024 3358 13,
1038 3293 1078 3362 3).
1098 3322 1130 3331 -
1150 3291 1220 3347 VIII
1236 3292 1280 3356 37,
1299 3293 1315 3346 6

250 3385 339 3438 autem
357 3383 450 3439 malim
469 3385 501 3435 τὰ
520 3380 549 3435 δὲ
562 3381 589 3444 ἒς
603 3381 755 3455 Κούρητας,
775 3375 915 3454 αὗταιγὰρ
936 3381 1013 3453 ὑπὲρ
1036 3388 1096 3434 τῶν
1120 3379 1316 3452 ἀγαλμάτων

250 3471 413 3544 πεποίηνται,
432 3471 521 3526 καὶτὰ
540 3471 566 3534 ἐς
579 3470 753 3544 Κορύβαντας
772 3470 990 3544 ἐπειργασμένους
1009 3470 1049 3523 ἐπὶ
1060 3476 1105 3523 τοῦ
1119 3470 1222 3541 βάθρου
1235 3471 1315 3522 -τὰ

252 3559 278 3624 ἐς
295 3561 403 3624 τούτους
422 3560 534 3634 παρίημι
553 3560 722 3631 ἐπιστάμενος
739 3577 819 3632 quam
833 3560 883 3613 ὑπὸ
901 3568 951 3613 τῶν
968 3558 1129 3633 ἀγαλμάτων
1145 3558 1233 3614 scribi.
1253 3576 1315 3613 nam

249 3651 274 3705 si
293 3649 404 3708 Curetas
423 3651 523 3721 figuras
541 3667 571 3706 er
589 3650 704 3707 scabello
723 3652 840 3706 elevatas
867 3650 1017 3719 cogitamus
1040 3648 1084 3717 (ci.
1104 3648 1235 3704 Siebelisii
1253 3648 1314 3704 adn.

250 3741 284 3798 sd
296 3742 324 3798 h.
336 3742 376 3813 1.),
394 3742 473 3798 rerba
490 3758 583 3813 purum
596 3741 740 3810 diligenter
754 3740 827 3796 dicte
839 3743 910 3810 sunt,
931 3739 1040 3796 verbnm
1053 3742 1143 3794 autem
1162 3736 1315 3810 πεποίηνται

250 3832 376 3888 σοβείτω
395 3847 453 3887 cnm
472 3829 690 3904 ἐπειργασμένους
707 3830 792 3886 multo
811 3829 899 3900 magis
917 3830 949 3883 ut
960 3828 994 3884 ds
1010 3828 1097 3898 signis
1109 3827 1230 3884 rotundis
1243 3828 1315 3898 cogi·

250 3924 337 3976 temus
355 3920 457 3977 suadet.
477 3936 560 3992 quere
577 3936 680 3975 summo
692 3919 721 3974 in
734 3919 796 3975 solii
809 3917 970 3975 adminiculo
983 3933 1074 3973 auerso
1087 3915 1197 3972 Curetas
1210 3917 1316 3972 stetisse

250 4011 433 4067 existimamus
451 4027 551 4081 snpra
569 4009 689 4066 Cererem
708 4011 736 4065 et
747 4008 914 4080 Despoenam
933 4006 1001 4063 solio
1016 4006 1170 4071 insidentes,
1190 4022 1272 4077 aeque
1284 4022 1315 4063 το

251 4101 296 4158 111
309 4101 393 4168 18,14
406 4100 560 4153 ἀνωτάτω
572 4100 654 4172 χορὸς
667 4098 854 4169 (Magnetum)
867 4096 907 4150 set
917 4103 953 4168 τῷ
964 4096 1053 4170 θρόνῳ
1064 4095 1209 4167 (Apollinis
1219 4094 1315 4166 Amyc-

251 4189 316 4258 laei)
334 4186 511 4261 πεποίηται
533 4190 582 4244 ποί
599 4188 679 4254 Vll,
693 4190 708 4242 ‘l
722 4186 772 4240 set
789 4191 843 4249 τοῖς
862 4184 1016 4239 ἀνωτάτω
1040 4191 1085 4238 τοῦ
1107 4184 1208 4256 θρόνου
1231 4184 1315 4252 (Iouis
