3134 4964
671 486 891 548 -61..

248 681 353 763 nam§
374 682 413 745 10
430 680 532 763 pergit
546 679 692 764 scriptor:
717 689 782 742 τῶν
804 689 976 760 ηυναικων
1000 677 1162 764 ἀνωτέρω
1185 681 1314 743 τουτων

248 782 322 851 ἐστίν
344 783 364 873 ἡ
380 785 538 857 Λυκάονος
553 783 714 850 Καλλιστὼ
732 789 783 849 καὶ
798 783 901 871 Νομία
916 809 946 849 τε
961 789 1013 849 καί
1027 783 1047 873 ἡ
1063 783 1193 873 Νηλέως
1209 784 1314 873 Πηρὼ,

248 896 279 959 et
301 892 372 959 inde
396 893 433 957 ab
458 893 548 958 huius
570 893 759 977 paragraphi
781 893 841 958 fine
857 893 965 958 tabula
988 893 1070 975 picta
1092 912 1111 958 a
1134 912 1252 959 summo
1275 896 1314 959 ad

247 1001 344 1065 imum
367 1019 473 1065 rursus
495 999 688 1066 describitur.
713 1000 751 1067 of.
776 997 874 1066 Gebb.
899 999 921 1065 l.
946 1000 968 1064 l.
993 1019 1022 1082 p.
1040 1001 1093 1066 30.

312 1105 393 1170 VIII
416 1108 528 1184 41,10
553 1103 613 1169 ἔστι
636 1105 670 1169 δέ
692 1101 778 1190 ὑπὲρ
801 1109 838 1170 ab
861 1102 955 1190 ἱερὸν
979 1114 1029 1170 τοῦ
1050 1101 1241 1179 ’Λπόλλωνος
1264 1115 1314 1169 τοῦ

247 1211 430 1298 Ἐπικουρίου
460 1216 569 1300 χωρίον
578 1212 633 1299 ¹²⁹)
656 1211 792 1276 Κώτιλον
822 1216 874 1298 μὲν
898 1210 1064 1300 ἐπίκλησιν,
1089 1209 1252 1300 Ἀφροδίτη
1282 1213 1315 1276 δέ

247 1315 321 1382 ἐστιν
344 1317 373 1383 ἐν
396 1317 533 1403 Κωτίλῳ·
557 1322 609 1382 καί
630 1315 704 1404 αυτ-η
731 1323 803 1391 ναός
830 1342 859 1383 τε
887 1317 923 1406 ἠν
951 1317 1006 1384 ουκ
1034 1317 1112 1406 ἔχων
1139 1319 1180 1384 ἔτι
1208 1318 1315 1408 ὄροφον

246 1429 298 1489 καί
320 1424 443 1511 ἄγαλμα
470 1423 636 1513 ἐπεποίητο.
668 1427 805 1493 Cotilum
832 1427 918 1493 locus
948 1429 1014 1493 erat
1042 1446 1136 1510 supra
1163 1427 1315 1511 templum

247 1533 402 1617 Apollinis
424 1534 531 1617 paullo
547 1534 627 1599 inira
643 1553 801 1600 summum
817 1533 922 1601 Gotilii
938 1535 1051 1600 montis
1067 1553 1210 1601 cacumen
1226 1535 1314 1611 situs,

247 1639 301 1705 ubi
316 1641 449 1726 vestigia
464 1641 541 1707 sacri
557 1643 732 1708 etiamnunc
747 1642 986 1725 conspiciuntur.
1004 1643 1043 1707 cf.
1057 1642 1184 1708 Rossius
1195 1638 1313 1708 ‘Reisen

247 1768 278 1813 u.
309 1748 508 1816 Reiserouten
539 1748 636 1816 durch
667 1745 851 1815 (irieebeul.’
881 1770 911 1833 p.
939 1752 1002 1816 100
1026 1768 1090 1831 sq.‚
1122 1749 1209 1816 Ourt.
1240 1750 1261 1813 l.
1292 1750 1314 1814 l.

248 1856 263 1918 l
287 1873 316 1938 p.
333 1857 398 1920 324
412 1874 470 1937 sq„
493 1857 583 1922 Burs.
608 1856 630 1920 l.
655 1856 676 1922 l.
702 1857 734 1921 ll
761 1876 791 1938 p.
810 1859 885 1922 255.

318 1962 350 2026 ll
377 1964 464 2041 17‚7
493 1962 553 2027 ἔστι
577 1962 609 2027 δὲ
632 1959 717 2047 ὑπὲρ
745 1966 802 2027 τὸν
824 1966 907 2028 ναὸν
936 1971 1058 2028 τοῦτον
1086 1962 1142 2047 (sc.
1165 1963 1316 2029 recentius

247 2069 419 2155 Heraeum)
448 2079 498 2135 τοῦ
527 2074 667 2157 προτέρου
695 2079 766 2135 ναοῦ
789 2072 919 2156 θεμέλιά
948 2092 978 2134 τε
1009 2073 1060 2134 καί
1082 2066 1107 2134 εί
1131 2071 1168 2158 δη
1191 2093 1217 2133 τι
1239 2068 1314 2132 ἄλλο

248 2171 401 2240 ὑπελίπετο
423 2174 444 2264 η
467 2177 551 2264 φλόξ.
580 2177 769 2262 periegetam
793 2177 841 2243 bis
868 2178 969 2244 verbis
992 2178 1179 2260 superiorem
1202 2177 1315 2243 montis

248 2283 388 2350 Euboeae
404 2303 509 2350 aream
521 2284 695 2369 significare
711 2304 745 2350 err
759 2286 824 2350 loco
837 2284 890 2367 qui
905 2288 953 2350 est
968 2305 992 2350 e.
1009 2286 1090 2363 17‚1
1109 2283 1314 2368 intellegitur,

247 2389 302 2455 ubi
332 2391 457 2457 inferior
486 2411 571 2470 area,
604 2393 635 2458 in
668 2411 728 2476 qua
759 2391 910 2458 recentius
933 2392 1089 2457 Heraeum
1119 2390 1314 2457 aedificatum

248 2499 324 2578 erat,
348 2498 516 2565 indicatur:
540 2495 611 2563 abab
635 2499 668 2562 δέ
690 2502 722 2564 τὸ
738 2495 814 2584 ἱερόν
830 2495 904 2563 ἐστιν
919 2496 950 2563 έν
973 2498 1247 2585 χθαμαλωτέρῳ
1263 2508 1316 2585 της

248 2601 448 2690 superarer),
473 2609 503 2672 et
526 2606 727 2672 confirmatur
744 2606 776 2671 id
792 2606 873 2685 inde,
898 2606 978 2690 quod
994 2608 1025 2672 in
1042 2605 1159 2672 duobus
1175 2607 1315 2672 Euboeae

247 2711 404 2794 gradibus,
429 2730 558 2794 quorum
581 2712 662 2778 alter
684 2712 741 2778 sub
764 2713 862 2780 altero
886 2714 951 2792 est,
980 2712 1127 2796 reliquiae
1156 2712 1315 2795 utriusque

247 2819 359 2901 templi
389 2819 482 2884 etiam
512 2819 602 2885 hodie
633 2821 764 2887 exstant.
796 2821 835 2886 cf.
860 2820 948 2888 Curt
973 2821 994 2885 l.
1019 2840 1045 2886 c.
1069 2821 1101 2886 ll
1126 2839 1153 2902 p.
1178 2821 1241 2886 397
1259 2839 1314 2902 sq.‚

248 2924 338 2990 Burs.
349 2925 371 2990 l.
381 2945 407 2991 c.
418 2927 450 2991 ΙΙ
462 2946 491 3010 p.
503 2929 545 2993 47
556 2946 611 3009 sq.‚
622 2927 748 2994 Steffeui
761 2929 792 2993 et
803 2927 951 3012 Lollingii
962 2923 1062 2993 ‘Kart
1074 2947 1102 2993 v.
1114 2924 1211 3011 Myr?
1220 2947 1248 3010 p.
1261 2930 1314 2993 30.

315 3033 359 3098 IX
385 3036 474 3112 22,2
499 3031 530 3098 είι
555 3034 587 3097 δέ
610 3056 660 3121 μοι
683 3033 859 3118 Ταναγραῖοι
881 3038 998 3120 νομίσαι
1021 3038 1058 3098 τὰ
1081 3031 1112 3106 ές
1134 3035 1202 3106 τοὺς
1225 3034 1316 3105 θεοὺς

248 3140 376 3223 μάλιστα
407 3140 540 3204 δοκοῦσιν
569 3138 730 3229 Ἑλλήνων·
760 3144 853 3228 χωρὶς
882 3145 935 3228 μέν
965 3146 1022 3226 γὰρ
1052 3137 1083 3205 αἱ
1113 3137 1201 3205 οἰκίαι
1225 3144 1314 3228 σφίσι,

251 3313 444 3322 ——.-
450 3315 463 3321 .-

322 3421 367 3494 1ίῦ)
385 3423 483 3497 χωρίον
496 3425 602 3490 inserui,
621 3426 691 3497 quod
704 3426 804 3481 litteris
817 3425 1034 3481 antecedentibus
1049 3453 1079 3464 -
1094 3425 1200 3498 κουρίου
1211 3442 1315 3498 oppres-

248 3530 306 3567 sum
325 3529 382 3568 erse
399 3517 472 3585 puto.
492 3515 559 3569 baec
578 3516 728 3570 conlectura
740 3514 846 3571 sacillor
862 3515 932 3569 mibi
945 3514 1050 3570 ridetur
1069 3531 1148 3584 quarn
1163 3515 1314 3571 Sebubarti.

248 3602 343 3673 quiin
362 3607 492 3674 apparatu
512 3603 602 3659 critico
621 3604 748 3659 editionis
767 3621 830 3659 suae
848 3606 912 3660 baec
925 3603 1048 3660 adnotat:
1069 3603 1150 3660 ‘luens
1163 3608 1314 3674 corruptus;

248 3706 391 3760 nunquam,
410 3696 540 3762 quantum
560 3692 721 3758 reminiscor,
739 3693 885 3748 Pausanias
905 3690 1039 3764 ἐπίκλησις
1058 3693 1134 3764 ponit
1152 3709 1199 3762 pro
1219 3690 1314 3764 δνομα;

248 3780 371 3836 fortasse:
396 3778 617 3854 ..Ἐπικουρίου
635 3780 755 3836 Κώτιλον
780 3780 975 3853 ὀνομαζόμενον
1000 3783 1062 3850 (boc
1084 3782 1194 3838 verbum
1216 3782 1315 3853 partim

248 3870 352 3940 syllaba
369 3870 540 3941 praecedente
557 3872 710 3943 absorptum
729 3876 781 3939 est,
806 3875 905 3944 partlm
930 3874 999 3929 latet
1022 3874 1050 3928 in
1077 3873 1141 3945 pou)-
1165 3869 1314 3945 Ἀφροδίτη

248 3960 273 4011 τέ
293 3959 357 4012 ἔστιν
376 3959 401 4012 ἒν
413 3957 525 4032 Κωτίλῳ
545 3959 688 4032 ἐπίκλησιν,
708 3962 751 4014 καί
767 3959 834 4032 αὐτῇ
848 4002 855 4018 .
870 3961 885 4016 .’
905 3980 953 4018 nec
970 3962 1136 4032 probabIIIus
1151 3962 1226 4026 (Iucu,
1245 3961 1315 4032 quod

249 4049 361 4104 coniecit
374 4050 521 4105 Bursiauus
540 4051 558 4106 l.
571 4050 589 4106 l.
608 4051 636 4106 II
654 4069 679 4121 p.
693 4051 754 4117 255,
768 4052 797 4105 2:
816 4048 928 4103 Κωτιλὼ
949 4054 994 4123 μὲν
1008 4049 1153 4122 ἐπίκλησιν,
1165 4048 1314 4122 Ἀφροδίτη

248 4135 275 4189 δέ
294 4136 358 4190 ἔστιν
375 4138 396 4212 ἡ
415 4136 536 4192 Κωτιλώ.

321 4225 602 4296 wambe
