3134 4964
671 430 893 493 „17-

248 647 307 701 τος,
338 621 471 724 breona
501 627 553 710 μὲν
584 663 623 672 -
653 625 722 691 Χῖοι
753 626 785 689 δέ
816 626 904 702 cett.;
932 624 972 693 cf.
996 625 1058 692 Vll
1086 626 1119 705 4,
1147 628 1163 689 1
1196 619 1313 712 Χίοςὴ

248 729 408 816 ἀπαντικρὺ
423 740 474 795 τοῦ
490 729 650 818 Μίμαντος.
667 771 709 782 -
726 733 788 797 iam
813 752 882 798 cum
907 752 942 799 ex
965 732 1106 817 Delphis,
1130 750 1261 815 quorum
1282 733 1314 799 in

247 839 399 924 periegesi
432 839 507 905 haec
536 840 630 905 verba
659 840 867 922 inveniuntur,
902 839 971 906 Chii
1003 840 1098 906 situm
1130 859 1166 907 ea
1195 840 1315 906 ratione

248 945 409 1013 definitum
432 965 496 1013 esse
518 946 696 1014 incredibile
719 950 771 1029 sit,
802 948 888 1014 locus
917 967 934 1013 a
957 967 1007 1014 me
1030 947 1195 1014 restitutus
1217 947 1314 1032 aptis·

248 1055 325 1122 sime
352 1073 424 1121 cum
450 1054 526 1122 locis
556 1055 618 1122 VH
640 1058 707 1135 4,1
733 1058 764 1122 et
786 1055 836 1122 IX
861 1056 949 1135 11,5
975 1055 1186 1139 componitur3
1219 1074 1315 1139 neque

248 1163 330 1231 enim
354 1161 467 1229 Chium
493 1162 608 1229 ultra
630 1163 814 1230 Mimantom
844 1165 983 1230 montem
1005 1182 1069 1229 esse
1092 1163 1191 1229 dicere
1214 1165 1315 1247 potest

248 1270 307 1337 nisi
336 1270 388 1355 qui
415 1269 523 1336 itinere
547 1290 565 1337 a
587 1271 714 1338 meridie
738 1271 777 1336 ad
799 1271 1018 1355 septentriones
1040 1289 1095 1354 per
1116 1269 1239 1337 Ioniam
1262 1289 1314 1336 us-

249 1397 307 1462 que
331 1377 371 1444 ad
386 1377 568 1444 Mimantem
585 1379 668 1444 facto
684 1379 754 1445 inde
771 1378 883 1445 Chium
906 1378 1038 1445 traicit.
1074 1377 1114 1443 ci.
1131 1378 1314 1446 Strabonem

249 1489 305 1552 aut
333 1486 434 1569 potius
458 1484 758 1571 Artemidorum2⁷):
787 1485 867 1551 XIV
892 1489 921 1566 1,
937 1489 979 1554 30
1004 1485 1091 1564 Teos,
1116 1488 1157 1552 31
1180 1485 1315 1551 isthmus

248 1593 444 1677 paeninsulae
467 1592 612 1659 Teiorum
642 1596 674 1660 et
697 1594 949 1679 Erythraeorum,
979 1596 1021 1660 32
1044 1612 1110 1677 sqq.
1135 1593 1315 1676 paeninsula

248 1700 329 1785 ipsa:
354 1699 490 1786 Corycus
513 1703 544 1767 et
567 1700 749 1786 Argennum
771 1701 985 1785 promunturia
1001 1701 1077 1787 (iam
1094 1701 1248 1787 Erythrae
1263 1700 1314 1767 hic

248 1791 453 1876 nominandae
475 1809 609 1888 fuerunt,
640 1807 691 1875 sed
715 1812 802 1874 entra
825 1808 962 1874 ordinem
985 1808 1049 1874 iam
1072 1809 1162 1874 antea
1186 1805 1255 1896 [31]
1278 1807 1315 1874 de

249 1915 293 1983 eis
313 1915 429 1982 dictum
450 1916 499 1982 est
518 1917 550 1983 et
569 1917 675 1999 postea
692 1911 761 2003 [34]
776 1935 881 1983 rursus
897 1915 1035 2000 dicitur),
1058 1915 1166 1981 deinde
1182 1915 1315 1980 Mimas

249 2041 347 2104 mona,
361 2022 502 2088 Melaena
514 2021 775 2107 promunturium,
789 2023 870 2107 quod
881 2022 1042 2088 Mimantis
1055 2024 1110 2101 est,
1127 2025 1169 2089 35
1187 2021 1313 2105 chios,

248 2131 291 2197 36
319 2149 384 2213 sqq.
415 2128 581 2213 descriptio
611 2129 794 2196 continentis
824 2130 1035 2197 continuatur:
1069 2130 1313 2214 Hypooromnus,

250 2236 464 2317 Clazomenae,
491 2237 634 2322 Smyrna.
664 2237 745 2320 apud
771 2238 853 2303 Plin.
878 2258 908 2306 n.
932 2237 963 2303 h.
981 2237 1009 2304 V
1026 2239 1068 2304 29
1091 2237 1160 2323 (31)
1187 2255 1252 2319 sqq.
1282 2237 1315 2302 in

250 2344 353 2411 Ioniae
377 2345 408 2410 ei-
423 2343 563 2410 Aeolidis
586 2343 788 2426 descriptione
812 2343 886 2411 ordo
909 2344 991 2410 idem
1014 2344 1060 2409 est
1083 2342 1122 2409 ab
1146 2346 1251 2408 austro
1275 2343 1315 2409 ad

250 2451 426 2535 aquilonem
450 2452 546 2534 atque.
565 2450 647 2534 apud
669 2450 856 2517 Pausaniam
886 2452 918 2517 et
940 2450 989 2516 hic
1012 2449 1058 2534 (X
1073 2451 1104 2530 9,
1121 2448 1155 2535 9)
1186 2451 1217 2516 et
1239 2450 1315 2517 locis

248 2578 340 2642 supra
369 2558 473 2624 allatis
501 2559 575 2643 (Vll
597 2560 628 2637 4,
652 2560 668 2624 l
695 2558 741 2624 IX
764 2560 852 2636 11‚5
877 2559 974 2636 1112,
998 2557 1046 2642 1),
1081 2576 1178 2640 neque
1211 2559 1315 2641 potest

247 2664 392 2744 dubitari,
407 2664 479 2749 quin
491 2664 611 2730 Plinius
624 2663 718 2730 etiam
731 2664 870 2743 Samum,
884 2663 1026 2743 Icariam,
1044 2661 1165 2743 Chium,
1180 2664 1315 2731 Lesbum

248 2772 355 2839 eodem
375 2771 467 2840 modo
485 2791 543 2856 quo
558 2770 669 2840 Strabo
686 2773 767 2855 aptis
782 2772 857 2838 locis
872 2771 1042 2837 inserturus
1058 2770 1161 2852 fuerit,
1177 2769 1236 2837 nisi
1257 2773 1314 2838 hae

247 2879 365 2947 insulae
387 2881 449 2947 iam
471 2879 547 2946 alibi
571 2879 740 2962 descriptae
764 2880 803 2946 ab
825 2898 860 2947 eo
883 2881 992 2949 essent.

315 2987 382 3053 lam
412 2988 438 3053 si
465 2986 568 3053 omnia
598 2987 672 3052 haec
703 2985 842 3070 exempla
870 3005 941 3052 cnm
967 2985 1075 3051 tabula
1107 2985 1313 3070 geographica

248 3093 448 3178 comparabis,
473 3094 567 3176 vlam,
592 3093 757 3161 secundum
781 3113 874 3177 quem
898 3093 1022 3178 singula
1044 3091 1223 3176 Europae
1246 3093 1314 3160 loca

249 3220 267 3268 a
290 3201 444 3269 Pausania
466 3202 654 3285 perlustrata
677 3202 759 3280 sunt,
792 3200 930 3286 singulos
953 3200 1037 3267 sinus
1060 3218 1130 3266 orae
1154 3204 1313 3283 septen-

247 3309 439 3376 trionalis
461 3309 555 3375 maris
578 3307 793 3376 mediterranei
817 3309 992 3391 sequentem
1019 3307 1051 3372 in
1074 3307 1250 3374 universum
1274 3308 1312 3375 ab

248 3557 360 3614 ciuitate
369 3557 468 3628 agitur,
479 3556 623 3627 etquidem
632 3557 691 3613 sine
700 3556 782 3613 dnbio
791 3556 824 3612 de
836 3555 970 3626 Erythris;
980 3572 1042 3611 narn
1053 3556 1183 3628 Erythrae
1195 3559 1223 3611 et
1232 3555 1313 3612 Chios

248 3649 324 3702 erant
342 3663 431 3701 earnm
448 3645 530 3701 Asiae
547 3646 663 3714 urbium,
690 3662 757 3716 qnae
775 3645 804 3701 in
822 3645 904 3700 tertia
922 3645 986 3700 belli
1004 3645 1220 3716 Peloponnesiaci
1238 3649 1314 3717 parto

248 3736 281 3791 ab
300 3733 413 3790 Athenis
431 3734 534 3805 primae
551 3734 701 3791 deiecerant
719 3734 764 3803 (cf.
784 3735 866 3790 Thuc.
885 3733 956 3788 VIII
974 3737 1003 3804 b;
1023 3734 1052 3801 c;
1074 3735 1132 3802 14);
1156 3737 1236 3806 atque
1254 3751 1313 3789 cnm

248 3823 328 3880 (thies
346 3840 429 3894 usqne
447 3823 481 3879 ad
499 3841 618 3895 pugnam
637 3824 707 3895 apud
720 3823 931 3894 Aegospotamos
944 3841 960 3879 a
971 3823 1242 3880 Lacedaemoniorum
1254 3840 1313 3894 par·

248 3913 322 3970 tibus
341 3915 426 3969 staret
444 3913 489 3982 (ol.
502 3913 567 3969 Xen.
581 3914 650 3969 Hell.
663 3914 691 3968 11
706 3915 730 3979 1,
745 3914 759 3967 1
768 3936 775 3980 ;
791 3914 823 3984 6;
838 3914 892 3983 10),
911 3913 1040 3983 Erythras
1059 3930 1163 3985 quoqne
1181 3930 1240 3968 curn
1252 3914 1313 3969 aliis

246 4001 280 4058 de
293 4002 387 4067 canam,
400 4005 458 4056 tum
471 4001 542 4072 quod
554 4019 567 4058 e
580 4001 642 4057 Chii
654 4002 761 4072 regione
773 4003 842 4057 sitae
859 4005 944 4068 erant,
964 4003 1018 4057 illis
1038 4002 1202 4073 temporibus
1221 4019 1313 4058 earun-

248 4090 306 4148 dem
326 4090 444 4162 partInm
463 4091 545 4147 luisse
563 4094 685 4162 apertum
703 4094 752 4147 est.

320 4179 352 4250 r)
371 4178 404 4233 v.
423 4198 447 4251 p.
468 4180 501 4234 rs
520 4179 580 4238 aon.
600 4181 644 4236 ns.
1152 4253 1169 4305 2
