3134 4964
685 450 880 508 ..6-

686 695 872 777 Exempla.

316 839 449 913 Vrda
484 840 572 922 χιτὼν
607 834 703 917 ὀλίγον
732 832 817 920 ὑπὲρ
847 840 996 917 γόνατος
1025 840 1164 923 καθήκει.
1211 837 1315 900 tunica

247 965 318 1023 nou,
349 947 384 1009 ut
414 962 481 1009 mos
505 943 620 1026 alioqui
651 946 727 1022 erat,
758 943 850 1007 talari
860 942 910 1028 ¹²),
941 943 993 1008 sed
1023 943 1197 1024 paullulum
1229 946 1315 1008 trans

248 1071 349 1135 genua
371 1050 561 1134 procurrenti
585 1049 734 1134 virgines,
767 1069 844 1132 quae
868 1049 950 1114 ludis
974 1050 1110 1115 Iunoniis
1134 1051 1312 1130 intererant,

247 1158 424 1236 utebantur,
437 1160 473 1222 ut
484 1158 515 1222 iu
529 1177 620 1224 eumn
633 1157 855 1239 expedirentur.
872 1157 976 1239 itaque
989 1157 1027 1220 Α.
1040 1157 1254 1222 Boettirlrerus
1263 1157 1314 1244 ¹³),

248 1265 300 1348 qui
323 1262 363 1330 ‘in
392 1265 532 1344 kurzem,
564 1264 649 1328 dicht
679 1265 756 1328 iiber
785 1263 854 1329 dem
882 1264 962 1328 Knie
993 1263 1161 1329 endeudem
1192 1261 1314 1330 Chitnn'

249 1372 355 1451 rert't,
380 1371 540 1438 manifesto
565 1374 656 1436 errat.
693 1370 784 1452 plane
807 1374 910 1436 autem
928 1369 1018 1436 aliter
1041 1390 1089 1436 res
1112 1391 1144 1436 se
1166 1371 1262 1437 habet
1283 1372 1315 1436 in

248 1481 327 1546 Xeu.
343 1498 392 1545 an.
412 1479 483 1557 Vl,
503 1481 558 1544 13:
575 1482 767 1563 χιτωνίσκους
784 1477 815 1540 δὲ
831 1474 1036 1542 darentiacum
1048 1474 1129 1562 drap
1145 1482 1315 1560 γονάτων,

249 1607 339 1671 quem
362 1586 394 1651 iu
424 1587 527 1651 laeum
552 1584 716 1668 quadraret
739 1584 928 1650 Boettieheri
958 1585 1188 1668 iuterpretatim
1220 1605 1316 1668 neque

251 1695 331 1760 eninr
361 1694 404 1759 ibi
435 1694 496 1758 iam
527 1693 564 1758 de
594 1696 682 1759 metu
704 1693 865 1776 praesenti,
889 1692 941 1757 sed
964 1693 1034 1775 plus
1057 1711 1149 1775 quam
1172 1693 1316 1776 perfeeto,

249 1802 271 1866 i.
296 1821 321 1867 e.
346 1801 382 1866 de
406 1800 506 1884 quiete
531 1800 650 1885 agilum
679 1799 755 1866 item
784 1798 865 1882 apud
889 1798 957 1865 Ael.
981 1819 1011 1865 ν.
1035 1800 1067 1864 h.
1091 1799 1138 1863 IX
1161 1803 1216 1865 10:
1250 1797 1317 1864 dai-

250 1912 351 1994 μοίτιον
374 1903 458 1993 ὑπὲρ
482 1910 519 1970 τὸ
542 1912 623 1988 γόνυ
646 1904 692 1992 ἡν.

317 2017 434 2093 11120,
452 2018 472 2081 4
500 2013 580 2097 diupei
604 2015 636 2078 δὲ
657 2023 706 2077 τοῦ
728 2011 875 2095 Ταϋγέτου
892 2011 1021 2078 Ταλετὸν
1044 2011 1129 2096 ὑπὲρ
1153 2012 1316 2096 Βρυσεῶν

251 2121 358 2210 ἀνέχει.
397 2122 436 2189 cf.
460 2123 496 2187 E.
523 2121 623 2187 Curtii
646 2118 889 2205 ‘Peloponnesos’
912 2122 944 2186 ll
967 2142 998 2204 p.
1016 2125 1079 2188 250
1097 2139 1153 2203 sq,
1178 2121 1212 2187 C.
1237 2123 1316 2186 Bur-

251 2230 328 2295 siani
351 2226 475 2313 ‘Geogrn
499 2250 529 2294 r.
555 2224 688 2295 (triech.³
712 2229 744 2294 II
768 2232 890 2310 plot,
915 2227 984 2294 adn.
1010 2231 1045 2304 33
1072 2231 1145 2293 131.

319 2337 396 2401 VIII
415 2339 502 2417 11,4
530 2340 631 2422 μνῆμαί
648 2333 707 2399 ἐστι
722 2336 811 2399 λίθου
832 2341 1036 2422 περιεχόμενον
1059 2335 1188 2422 κρηπῖδι,
1212 2335 1317 2422 ἀνέχον

252 2445 284 2508 δὲ
307 2440 342 2508 ου
365 2444 441 2506 πολὺ
464 2439 549 2529 ὑπὲρ
572 2454 634 2530 τῆς
656 2453 730 2528 γῆς.

318 2552 450 2630 Χ12,1
482 2555 572 2636 πέτρα
596 2550 628 2613 δέ
652 2546 726 2614 ἐστιν
750 2547 913 2636 ἀνίσχουσα
934 2545 1019 2631 ὑπὲρ
1043 2559 1104 2636 τῆς
1133 2559 1206 2636 γῆς.
1241 2549 1319 2613 haue

254 2657 428 2735 lectionem,
453 2676 544 2740 quam
569 2656 686 2722 codices
709 2656 851 2721 meliores
872 2657 916 2720 Pc
931 2659 982 2740 Ag
998 2656 1043 2720 Lb
1067 2656 1224 2738 praebent,
1248 2676 1317 2721 eum

252 2765 317 2844 alii,
340 2768 408 2830 tum
426 2764 614 2830 Sehubartus
636 2763 812 2847 Improbata
834 2763 985 2828 librorum
1002 2763 1050 2829 Va
1065 2764 1144 2827 MR
1167 2764 1319 2845 scriptura

251 2868 307 2935 ἀπὸ
328 2881 382 2958 τῆς
401 2881 457 2958 γῆς
472 2871 537 2936 iure
554 2874 741 2953 receperunt.
781 2890 853 2936 uam
869 2870 1003 2953 primum
1020 2889 1055 2935 ea
1071 2871 1164 2936 etiam
1180 2869 1318 2935 codicum

253 2978 301 3043 Vb
325 2979 369 3042 La
392 2980 423 3042 et
445 2977 595 3062 marginis
618 2977 798 3043 R‘leetiane
822 2973 893 3059 ὑπὲρ
918 2978 1035 3064 ταίτγς,
1060 2996 1136 3059 quae
1160 2997 1195 3043 er
1218 2977 1319 3042 verbis

252 3081 324 3167 ὑπὲρ
355 3094 408 3171 τῆς
439 3095 506 3171 γῆς·
540 3081 586 3148 ἐτί
610 3088 701 3169 ταίτγγ
725 3084 874 3151 coaluisse
905 3083 1043 3163 videtur,
1075 3084 1317 3160 commendatum

253 3191 360 3257 deinde
385 3192 418 3256 in
444 3191 488 3258 Va
512 3195 544 3257 et
567 3191 601 3255 M
626 3192 687 3258 VII
712 3194 740 3270 1,
766 3195 785 3256 2
810 3210 930 3274 quoqne
958 3210 1013 3276 pro
1043 3187 1114 3276 isdp
1143 3202 1197 3280 τῆς
1219 3190 1320 3279 ἀρχῆς

252 3299 330 3364 false
359 3296 414 3361 int
445 3309 498 3386 τῆς
521 3297 551 3362 ἀ.
580 3300 716 3382 positum
745 3302 806 3376 est;
836 3302 993 3383 postrema
1024 3318 1102 3381 quae
1133 3299 1319 3382 praecedunt

253 3406 392 3490 quodque
416 3406 553 3489 sequitur
576 3406 714 3490 exempla
730 3406 911 3490 scriptorem
932 3404 1047 3492 ἀνέχειν
1064 3405 1218 3494 (ἀνίσχειν)
1243 3427 1319 3471 nrm-

252 3533 345 3596 qnam
374 3514 559 3599 coniungere
588 3513 754 3579 ostendunt
782 3533 852 3578 eum
879 3509 935 3576 iud
964 3515 1129 3595 particula,
1166 3533 1256 3597 quae,
1284 3516 1320 3579 ut

252 3621 344 3686 locali
373 3640 463 3686 sensu
491 3621 613 3686 omnine
648 3640 786 3703 perrara,
822 3623 867 3686 ita
894 3621 1118 3705 significatione
1145 3624 1320 3688 nostrarum

252 3727 478 3810 partitularum
505 3725 605 3794 <unter
629 3767 669 3776 -
695 3725 815 3795 hervor’
841 3748 994 3811 nusquam
1023 3749 1042 3794 a
1069 3729 1222 3795 Pausania
1250 3749 1320 3793 enm

255 3833 399 3919 genetivo
424 3835 620 3919 coniungitur
644 3835 696 3917 (ef.
720 3835 801 3901 intra
824 3854 852 3917 p.
871 3839 923 3914 23,
948 3835 1017 3902 adn.
1042 3837 1109 3919 48).

292 3932 294 3936 ’
322 3941 459 4019 Χ26,2
488 3939 647 4025 γέγραπται
671 3943 703 4005 δὲ
726 3946 777 4005 καί
801 3939 916 4014 Ἐπειὸς
939 3945 1047 4028 γυμνὸς
1070 3943 1267 4026 καταβάλλων
1290 3941 1322 4014 ἐς

256 4061 512 4169 ἮΙΙΙ
532 4102 575 4166 31,
595 4101 611 4154 2
636 4102 717 4172 κόρας
737 4100 763 4154 ὲν
782 4109 872 4172 χιτῶσι
891 4101 1056 4173 καθήκουσιν
1071 4101 1096 4164 ἐς
1116 4103 1210 4174 σφυρά.

327 4189 361 4258 ¹³)
381 4187 548 4261 ‘Olympia’2
566 4208 591 4260 p.
611 4191 653 4247 96.
