3134 4964
672 509 890 571 ,29-

247 706 376 783 terram,
406 703 437 768 iu
465 721 527 785 qua
549 703 641 769 Nilus
669 704 781 781 oritur,
811 723 903 786 supra
933 722 1000 769 earn
1031 722 1109 784 esse,
1138 723 1312 787 perquam

247 813 355 895 postea
377 811 468 890 fluit,
500 830 554 894 per
583 830 614 876 se
646 812 744 894 patet.
783 811 821 878 cf.
841 810 955 877 similes
978 812 1061 877 locos
1090 810 1311 893 praecedentes.

315 918 346 982 X
380 920 436 996 12,
473 920 492 985 9
524 915 673 1006 ἐπετράφη
705 918 738 981 δὲ
768 921 819 982 καί
849 914 968 1002 ὕστερον
1000 929 1052 1005 τῆς
1081 914 1202 1004 Δημοῦς
1233 922 1313 1001 παρὰ

248 1023 395 1110 Ἑβραίοις
422 1033 484 1097 τοῖς
515 1022 601 1111 ὑπὲρ
631 1035 694 1111 της
721 1023 964 1111 Παλαιστίνης
992 1022 1063 1111 γυνὴ
1093 1025 1313 1111 χρησμολόγος,

248 1131 342 1217 ὄνομα
365 1131 397 1194 δὲ
421 1128 495 1217 αὐτη
520 1128 631 1219 Σάββη.
667 1131 870 1218 Hebraeos54)
893 1132 1059 1199 Pausanias
1082 1131 1237 1216 intellegit
1261 1132 1313 1198 lu-

249 1240 394 1304 daeorum
417 1241 534 1304 terram
558 1238 712 1304 montibus
735 1238 985 1324 compleamur),
1010 1257 1101 1321 quae,
1125 1237 1183 1304 etsi
1206 1238 1237 1302 in
1261 1256 1314 1304 ora

248 1345 416 1411 marituma
444 1346 558 1428 loppen
586 1345 694 1411 urbem
722 1345 782 1430 (lV
805 1347 858 1423 35,
876 1347 910 1431 9)
938 1345 1168 1429 complectitur,
1199 1364 1315 1430 magna

249 1472 284 1518 ex
308 1454 394 1534 parte
417 1451 582 1518 secundum
607 1452 768 1520 Iordanem
792 1452 921 1517 fluvium
945 1471 997 1534 per
1019 1453 1241 1518 mediterranea
1263 1471 1314 1517 ex-

249 1559 386 1625 tenditur
409 1557 451 1644 (V
476 1562 507 1639 7,
524 1561 545 1625 4
561 1578 605 1643 sq.
627 1559 707 1624 VllI
732 1561 783 1640 16,
802 1558 847 1646 5).
886 1560 940 1624 hos
963 1560 1060 1644 igitur
1082 1559 1220 1624 homines
1243 1554 1314 1643 ότὲρ

250 1676 304 1753 της
319 1664 529 1753 Παλαιστίνης,
554 1666 585 1731 id
608 1668 655 1731 est
677 1661 778 1748 ‘supra
793 1663 1020 1744 Palaestinam’,
1043 1666 1183 1733 habitare
1206 1666 1313 1732 tradit.

250 1765 509 1841 nam'Herodoto
540 1776 555 1839 l
588 1778 650 1843 105
682 1795 752 1841 oum
779 1776 932 1842 Pausania
960 1777 976 1840 l
1009 1779 1059 1854 14,
1089 1777 1122 1856 7,
1152 1776 1205 1858 qui
1231 1776 1315 1843 locus

256 1903 291 1949 ex
307 1882 466 1949 Herodoto
482 1882 630 1968 durnit⁵⁶),
654 1883 767 1949 collato
793 1884 989 1949 manifestum
1007 1885 1055 1949 est
1071 1902 1105 1950 eo
1121 1883 1199 1962 loco,
1224 1902 1315 1965 quem

252 2009 332 2056 nunc
348 1991 529 2069 tractamus,
553 1993 605 2077 τὴν
621 1988 818 2078 Παλαιστίνην
835 1976 960 2056 eandem
978 2009 1043 2056 esse
1060 2010 1094 2058 ac
1110 1993 1162 2076 τὴν
1178 1989 1315 2054 Παλαισ-

251 2102 328 2184 τίνην
345 2093 460 2182 Συρίαν,
479 2116 556 2180 quae
571 2099 655 2162 terra
678 2097 734 2162 sub
750 2097 963 2163 Hebraeorum
979 2097 1136 2163 montibus
1152 2117 1206 2181 per
1221 2098 1316 2165 muris

251 2204 409 2270 Phoenicii
421 2223 507 2270 oram
518 2205 588 2270 inde
600 2224 616 2269 a
626 2204 830 2271 Phoenicibus
842 2205 881 2270 ad
892 2205 1063 2290 Aegyptios
1077 2205 1203 2289 (Herod.
1217 2206 1314 2288 11153

251 2311 333 2377 Plin.
356 2331 386 2376 n.
408 2312 440 2376 h.
464 2318 490 2378 V
515 2312 555 2377 12
580 2313 653 2395 [13;
680 2315 750 2396 14])
778 2312 951 2377 extenditur
979 2317 1072 2395 atque
1098 2311 1198 2395 ipsam
1221 2312 1315 2377 etiam

252 2436 337 2483 oram
352 2418 549 2484 Phoenicium
566 2419 798 2501 comprehendit
813 2419 941 2502 (Herod.
957 2419 1017 2485 VlI
1035 2418 1108 2505 89),
1124 2419 1163 2485 ot
1176 2419 1315 2502 Kiepert.

252 2524 274 2590 l.
290 2543 316 2590 c.
334 2545 363 2609 p.
383 2525 506 2612 l7l⁶⁷).
541 2525 685 2591 similiter
708 2526 789 2610 apud
808 2526 989 2593 Strabonem
1014 2525 1103 2610 (XVI
1127 2529 1158 2605 2,
1175 2528 1240 2610 21),
1264 2525 1316 2608 qui

252 2634 352 2697 totam
382 2632 421 2697 ab
449 2630 595 2699 Orthosia
624 2632 663 2697 ad
692 2632 850 2698 Pelusium
881 2652 975 2716 usque
1005 2651 1093 2697 oram
1120 2632 1316 2698 Phoenicium

253 2738 338 2817 dicit,
354 2738 486 2823 legitur:
503 2736 523 2826 ἡ
540 2734 660 2821 δὐπὲρ
676 2741 807 2826 ταότης
825 2740 879 2823 (so.
896 2737 1053 2825 Φοινίκης)
1070 2744 1214 2824 μεσόγαια
1230 2743 1318 2825 μέχρι

253 2842 391 2929 Ἀράβων
419 2842 439 2932 ι)
468 2845 577 2931 μεταξὺ
606 2843 629 2908 Γ
631 2849 704 2932 όιίης
732 2849 783 2909 καί
810 2842 1011 2929 Ἀντιλιβάνου
1038 2841 1167 2909 Ἰουδαία
1191 2842 1317 2927 λέγεται.

321 2952 334 3016 1
360 2957 390 3031 5,
415 2955 434 3016 5
469 2947 624 3037 Ἑβραίους
651 2951 683 3015 δὲ
710 2953 778 3022 τοὺς
805 2949 889 3035 saep
913 2949 1040 3035 Σόρων,
1057 2948 1235 3037 ἐχειρώσατο
1262 2952 1317 3036 (sc.

254 3053 423 3141 Ἀδριανός)
454 3056 647 3131 ἀποστάντας.
696 3058 844 3125 vocabulo
877 3056 963 3144 Σόροι
995 3078 1014 3124 a
1045 3059 1194 3140 scriptore
1225 3058 1318 3142 Syros

253 3165 495 3232 Palaestinenses
518 3166 567 3232 vel
585 3166 769 3233 Philistaeos
792 3166 959 3251 significari
982 3166 1094 3249 probat
1118 3167 1201 3232 loeus
1224 3167 1317 3249 prior.

321 3272 351 3337 X
375 3273 461 3350 36,1
495 3270 628 3336 Γαλάται
655 3273 687 3336 δὲ
710 3269 738 3336 οἱ
760 3269 845 3356 ὑπὲρ
869 3272 1042 3358 Φρυγίας,
1067 3274 1087 3345 ί,
1113 3293 1139 3339 e.
1163 3272 1318 3357 Phrygiae

253 3379 380 3446 maioris
390 3379 442 3466 58).
487 3383 653 3447 montuosa
673 3382 704 3447 et
720 3380 757 3447 ad
774 3384 876 3447 ortum
893 3400 999 3448 versus
1014 3399 1033 3446 a
1049 3380 1187 3466 Phrygia
1202 3380 1318 3446 maiore

325 3537 360 3608 ⁶⁴)
379 3537 512 3611 Ἑβραίων
530 3539 550 3613 ἡ
569 3547 605 3613 γῆ
624 3541 661 3595 IV
675 3541 718 3606 35,
732 3541 748 3595 9
762 3540 785 3594 V
799 3543 824 3606 7,
837 3541 855 3595 4
867 3541 937 3596 VIII
953 3541 994 3608 16,
1007 3541 1038 3611 4;
1057 3539 1078 3613 ἡ
1097 3538 1228 3613 Ἑβραίων
1242 3538 1318 3611 χώρα

254 3629 293 3683 VI
307 3631 349 3695 24,
363 3627 388 3685 8.

326 3715 359 3786 ³⁶)
379 3715 420 3773 Cf.
433 3717 549 3788 Kiepert.
568 3717 586 3771 1.
599 3733 621 3772 c.
635 3735 661 3787 p.
676 3717 740 3787 1723
756 3718 814 3773 174.

325 3806 359 3876 ⁶⁶)
378 3805 419 3862 cf.
432 3805 461 3862 C.
475 3806 620 3862 Weruickii
638 3805 688 3863 ‘De
700 3807 813 3862 Pausan.
826 3807 930 3877 Perieg.
942 3806 1039 3862 studiis
1052 3805 1217 3863 Herodoteis‘
1236 3826 1261 3879 p.
1274 3808 1319 3864 42.

325 3895 359 3964 ⁶⁷)
379 3895 475 3965 Itaque
497 3893 569 3950 baud
592 3900 663 3952 recte
686 3894 833 3951 Gurlittins
852 3880 935 3951 ‘IIber
952 3895 1041 3952 Paus’
1060 3915 1085 3967 p.
1099 3895 1133 3952 62
1156 3896 1317 3968 periegetum

256 3983 393 4040 contendit
410 3984 568 4041 Iudaeorum
586 3987 685 4040 terram
703 3983 798 4056 Συρίαν
817 3982 996 4058 Παλαιστίνην
1018 3986 1157 4057 appellare.

326 4073 359 4141 58)
378 4074 447 4129 Num
473 4073 507 4129 cf.
531 4073 610 4142 115,
631 4075 648 4128 3
671 4072 820 4147 Μαίανδρον
842 4077 893 4147 γὰρ
916 4076 1036 4128 κατιόντα
1060 4075 1088 4128 ἔτι
1113 4073 1249 4129 Κελαινῶν
1276 4073 1318 4129 διὰ

255 4161 401 4235 Φρυγίας
419 4163 462 4216 καί
481 4161 591 4236 Καρίας.
618 4164 737 4235 Phrygia
761 4164 847 4221 minor
868 4165 1114 4235 propri0129,10
1137 4164 1316 4235 significatur:

254 4259 302 4327 τῆς
321 4250 363 4326 ἐρ’
383 4250 574 4328 Ἑλλησπόντῳ
593 4251 721 4327 Φρυγίας.
