3134 4964
753 464 951 530 ..2-

319 659 499 747 scriptorem
523 664 631 730 localis
660 660 731 748 iatp
759 664 994 748 praepositionis
1003 665 1038 750 ¹).
1073 664 1186 728 mirum
1217 666 1264 731 est
1292 663 1383 741 enim,

319 791 413 854 quam
437 771 575 836 diversae
605 771 667 836 sint
696 771 832 836 virorum
864 771 1024 838 doctorum
1054 771 1244 854 maximeque
1268 790 1383 852 corum,

320 879 426 960 quiin
454 878 545 943 rebus
575 878 805 963 topographicis
828 878 939 944 veteris
963 878 1108 945 Graeciae
1133 878 1271 943 studium
1295 898 1384 944 suum

319 985 565 1066 collocaverunt,
601 985 638 1051 de
673 1005 709 1052 ca
743 1005 776 1051 re
810 986 999 1062 sententiae3
1040 1004 1132 1070 quarn
1166 986 1288 1068 quidem
1323 986 1385 1050 dis-

319 1092 488 1158 sensionem
511 1093 670 1177 Ruegerus
699 1093 731 1158 in
755 1093 962 1177 disputatione
992 1112 1048 1158 sua
1077 1112 1115 1158 ne
1140 1093 1232 1159 verbo
1261 1093 1385 1176 quidem

318 1199 436 1284 teligit.
472 1199 568 1265 veluti
593 1198 626 1265 0.
651 1199 687 1265 G.
711 1199 889 1267 Siebelisius
920 1220 979 1266 non
1007 1199 1159 1265 distinctis
1189 1201 1331 1284 genetivo
1355 1202 1386 1266 et

319 1307 492 1373 accusativo
517 1307 637 1373 casibus
660 1304 731 1390 ὑπὲρ
754 1308 971 1392 praepositioni
994 1307 1108 1373 additis
1131 1307 1162 1372 in
1186 1309 1233 1374 ed.
1251 1309 1323 1374 mai.
1341 1309 1385 1373 lv

319 1435 350 1498 p.
374 1417 438 1480 280
463 1415 515 1496 (cf.
532 1415 547 1479 l
563 1434 594 1497 p.
612 1417 668 1500 45)
692 1435 753 1482 una
776 1435 811 1482 ex
833 1419 921 1499 parte
944 1417 1023 1481 lianc
1045 1416 1230 1498 particulam
1253 1412 1293 1480 ‘in
1318 1435 1385 1497 per·
1415 1434 1421 1441 ·

319 1521 500 1588 lustratione
523 1541 625 1588 rernm
654 1522 794 1606 deinceps
822 1522 992 1606 positarum
1023 1522 1059 1588 de
1088 1522 1143 1600 lie,
1173 1541 1251 1605 qrrae
1281 1522 1384 1607 aliquo

319 1629 419 1712 spatio
443 1629 558 1694 distent
580 1630 618 1694 ab
643 1649 689 1709 ea,
713 1631 751 1695 de
773 1650 834 1713 qua
857 1632 948 1695 antea
971 1632 1001 1695 et
1024 1630 1170 1695 haetenus
1193 1628 1310 1695 dictum
1333 1631 1384 1710 sit,

318 1732 471 1819 usurpari'
494 1736 622 1819 ideoque
644 1756 732 1819 saepe
755 1733 884 1815 ultra,
908 1738 1004 1820 post,
1029 1755 1047 1801 a
1069 1733 1189 1820 tergo’
1213 1737 1322 1816 valere,
1347 1737 1384 1803 ab

319 1845 418 1909 altera
441 1849 528 1928 parte
556 1847 780 1929 superiorem
803 1846 914 1911 situm
939 1846 1048 1911 notare
1071 1844 1253 1921 arbitratum
1280 1864 1385 1910 rursus

320 1971 390 2017 vero
406 1952 437 2016 in
454 1952 584 2036 singulis
600 1954 674 2020 locis
690 1954 825 2019 incertus
841 1956 897 2031 est,
921 1955 1026 2018 utrum
1042 1953 1101 2019 hoo
1116 1971 1154 2017 an
1171 1952 1251 2017 illud
1267 1955 1384 2018 statuat

320 2059 373 2140 (cf.
396 2060 441 2125 IV
463 2080 493 2143 p.
518 2062 582 2127 279
605 2061 674 2147 sq.).
711 2080 802 2144 quarn
833 2061 872 2125 ob
895 2078 1018 2126 causam
1041 2059 1115 2124 haee
1146 2060 1289 2124 annotat:
1320 2055 1384 2124 ‘ob-

320 2167 499 2246 scuritates
530 2186 607 2250 quae
630 2170 798 2248 remanent,
829 2168 958 2234 fortasse
988 2167 1165 2232 minuentur
1190 2165 1385 2249 diligentiore

320 2273 522 2358 explicatione
538 2276 712 2358 potestatis,
736 2294 830 2358 quam
853 2275 904 2340 hie
920 2273 955 2360 (i.
972 2294 998 2340 6.
1021 2274 1053 2338 in
1069 2273 1236 2359 Polygnoti
1259 2273 1385 2357 pictoris

320 2381 435 2446 tabulis
457 2401 473 2446 a
491 2382 643 2449 Pausania
659 2382 833 2468 descriptis)
849 2381 1035 2465 praepositio
1050 2377 1122 2465 ὑπὲρ
1138 2381 1248 2446 habere
1264 2381 1386 2446 videtur

320 2490 351 2552 et
362 2489 504 2573 genetivo
516 2492 548 2556 et
560 2489 733 2556 accusativo
744 2489 849 2555 iuncta
861 2485 1050 2572 promiscue’.
1075 2489 1109 2552 P.
1123 2485 1161 2552 G.
1173 2487 1383 2573 Welclerus2)

320 2600 424 2663 autem
447 2597 550 2663 losum
573 2597 671 2675 Χ26,
688 2599 722 2662 4:
747 2594 957 2681 Νεοπτόλεμον
981 2596 1013 2658 δὲ
1033 2599 1120 2681 μόνον
1142 2603 1193 2658 τοῦ
1209 2591 1384 2681 Ἑλληνικοῦ

320 2707 478 2793 perseeutor
501 2704 541 2768 ’e'rc
567 2705 634 2777 τοὺς
657 2701 764 2787 Τρῶας
786 2702 920 2790 ἐποίησεν
948 2699 1191 2783 ὁΠολογνωτος,
1224 2699 1267 2765 ὅτι
1293 2698 1360 2766 irae
1367 2724 1384 2786 p

319 2821 370 2875 τοῦ
397 2810 608 2896 Νεοπτολέμου
637 2812 698 2873 τὸν
725 2814 844 2898 τάφον
872 2807 892 2896 ἡ
920 2813 1020 2896 γραφὴ
1048 2820 1130 2873 πᾶσα
1156 2808 1277 2894 ἔμελλεν
1306 2806 1384 2894 αὐτῷ

319 2921 497 3005 γενήσεσθαι
513 2919 570 2983 hoc
585 2917 676 2983 modo
696 2917 930 3000 interpretatur:
954 2912 1032 2982 ‘weil
1048 2916 1102 2984 das
1126 2935 1221 3001 ganne
1237 2916 1385 2982 Gemalde

319 3025 407 3090 tiber
423 3025 486 3090 das
503 3022 586 3090 Grab
603 3023 655 3088 des
670 3023 889 3108 Neoptolemos
906 3022 978 3102 sein,
1003 3021 1116 3087 darauf
1130 3023 1194 3088 sich
1211 3023 1384 3089 beziehen

319 3128 420 3198 sollte'
443 3131 496 3216 (cf.
520 3131 542 3204 l,
559 3149 585 3196 ο.
610 3130 680 3197 adn.
706 3133 740 3196 9:
764 3127 878 3215 ‘signer
901 3130 1062 3196 Gebrauoh
1085 3130 1139 3196 der
1154 3127 1383 3218 Praposition').

319 3240 490 3321 ubieunque
513 3255 584 3302 vcro
607 3237 776 3305 Pausanias
797 3233 869 3323 ὑπὲρ
892 3236 1045 3320 particula
1067 3236 1130 3303 sive
1146 3256 1217 3302 cum
1240 3237 1383 3321 genetivo

319 3347 383 3412 sive
406 3365 475 3411 eum
491 3344 664 3411 accusativo
688 3345 849 3411 coniuncta
869 3344 908 3410 ad
923 3345 1039 3429 figuras
1062 3344 1241 3410 tabularum
1256 3363 1275 3408 o
1290 3344 1385 3428 Poly-

318 3456 413 3536 gnoto
443 3452 597 3536 pictarum
626 3451 838 3518 describendas
868 3450 914 3539 (X
936 3454 989 3532 25,
1015 3454 1031 3516 1
1062 3488 1106 3498 -
1136 3469 1201 3534 cap.
1226 3452 1266 3516 31
1292 3450 1383 3536 extr.)

317 3562 428 3639 ut'tur,
445 3578 512 3625 eam
527 3558 610 3624 idem
626 3558 675 3624 vir
694 3560 801 3642 utpote
817 3559 1046 3642 superiorem
1061 3557 1248 3625 indicantem
1271 3558 1383 3624 situm

318 3670 423 3733 nostra
452 3665 604 3750 particula
626 3661 743 3732 ‘uber'
773 3665 875 3732 reddit
897 3665 949 3752 (cf.
973 3686 1004 3748 p.
1029 3667 1095 3752 94).
1136 3664 1323 3749 eandemque
1346 3664 1384 3730 de

390 3860 411 3932 ¹)
430 3861 469 3916 De
482 3858 544 3912 ΕΠΙ
556 3859 759 3931 praepositionis
772 3860 800 3914 in
812 3859 992 3916 describendis
1005 3859 1124 3916 artificiis
1137 3858 1209 3930 apud
1221 3858 1382 3914 Pausaniam

317 3951 345 4004 vi
359 3954 385 4005 ot
397 3967 446 4005 usn
459 3950 531 4004 omni
543 3966 597 4020 qua
609 3967 657 4020 par
670 3952 711 4004 est
723 3948 865 4018 diligentia
877 3950 936 4018 egit
947 3949 1001 4004 iam
1011 3950 1116 4004 Ulricus
1126 3948 1383 4020 Schaarsehmidtius

317 4040 346 4095 in
363 4040 550 4095 dissertatione
568 4039 698 4109 Lipsiensi
718 4056 742 4094 a.
762 4038 832 4093 1873
851 4039 880 4093 in
897 4039 981 4094 lucem
998 4039 1104 4094 emissa.

389 4129 409 4198 ²)
429 4127 489 4183 ‘Die
501 4128 687 4198 Komposition
701 4127 726 4182 d.
740 4128 882 4200 Polygnot.
901 4127 1028 4184 Gemdlde
1040 4128 1069 4181 in
1082 4127 1107 4182 d.
1120 4127 1220 4182 Lesche
1231 4144 1253 4182 a.
1267 4124 1382 4199 Delphi’,

317 4217 387 4273 Abh.
407 4217 432 4272 d.
452 4218 522 4273 Berl.
541 4217 590 4272 Alc.
611 4218 688 4283 1847,
706 4217 751 4287 ph.
772 4217 798 4272 h.
817 4216 856 4272 Cl.
875 4234 900 4288 p.
919 4216 954 4271 82
972 4234 1012 4288 sq.
