3134 4964
679 471 896 532 „53-

249 663 322 728 bell.
346 662 403 728 civ.
435 663 515 729 167
539 661 588 736 ’ὡς
611 664 644 727 δὲ
673 663 887 752 ἀνεμίχθησαν,
918 663 1160 749 ἐστρατοπέδευον
1190 663 1236 731 ἐπί
1265 677 1316 732 τοῦ

249 778 381 854 ποταμοῦ
412 777 462 832 του
490 766 630 854 Τιβέριος,
661 768 693 842 ἐς
720 775 785 854 τρία
815 771 1023 855 διαιρεθέντες·
1047 771 1157 845 Κίννας
1184 777 1237 859 μὲν
1265 777 1316 838 καί

249 873 377 960 Κάρβων
400 876 452 939 σὺν
476 873 554 961 αὐτῷ
576 887 631 964 τῆς
653 878 768 949 πόλεως
791 879 935 961 (Romae)
959 877 1086 963 ἀντικρὺ,
1103 877 1262 964 Σερτώριος
1284 881 1316 944 δὲ

248 977 332 1068 ὑπὲρ
353 986 414 1069 τὴν
436 983 537 1047 πόλιν
561 981 644 1060 ἄνω,
667 987 720 1047 καί
742 982 860 1068 Μάριος
882 988 957 1069 πρὸς
979 996 1015 1072 cp
1037 987 1192 1071 θαλάσσῃ.

314 1092 376 1157 Vll
399 1094 452 1171 21,
471 1094 512 1159 14
535 1101 620 1158 τοῦτο
640 1095 673 1157 τὸ
696 1090 769 1180 ἱερὸν
785 1092 991 1181 (Aesculapii)
1014 1091 1100 1179 δπὲρ
1124 1098 1184 1182 τὴν
1206 1092 1316 1178 duod*

249 1200 349 1264 πολιν
377 1209 433 1264 τῶν
460 1200 559 1264 πυλῶν
586 1197 661 1264 ἐστίν
689 1197 775 1282 ἐγγὺς
802 1200 835 1264 αἳ
860 1197 907 1264 ἐπὶ
929 1198 1058 1264 Μεσάτιν
1081 1198 1209 1282 ἄγουσιν.
1241 1197 1316 1267 locis

248 1305 499 1389 praecedentibus
522 1325 593 1373 oum
616 1307 674 1372 hoc
697 1307 763 1374 loco
779 1307 902 1375 collatis
922 1312 1049 1391 apparet
1063 1309 1141 1374 hano
1155 1308 1260 1373 aedem
1283 1307 1315 1373 in

248 1412 306 1478 illa
322 1412 414 1479 fuisse
431 1412 490 1491 via,
514 1431 592 1494 quae
614 1431 650 1478 en
665 1431 734 1478 aree
749 1413 916 1479 Peirarum
937 1413 969 1479 in
985 1415 1142 1497 superiora
1165 1418 1196 1480 cb
1219 1415 1316 1480 medi-

249 1521 389 1586 terranea
411 1519 480 1584 loca
503 1537 625 1584 sursum
646 1519 787 1587 ducebat.
811 1520 851 1588 cf.
867 1520 954 1588 Cart.
973 1520 996 1585 l.
1020 1540 1046 1586 o.
1065 1523 1124 1605 lp.
1142 1523 1223 1605 4363
1239 1524 1315 1603 444,

249 1627 339 1692 Burs.
355 1618 384 1691 l.
408 1644 435 1692 c.
459 1625 492 1691 ll
514 1645 544 1710 p.
562 1628 643 1706 329,
671 1625 724 1710 qui
752 1625 835 1708 (adn.
860 1628 890 1712 1)
919 1624 1038 1711 ‘jenseit
1064 1628 1118 1694 der
1141 1623 1316 1712 Akropolis'

249 1733 484 1817 interpretatur.

315 1838 363 1904 IX
388 1842 475 1918 11,7
499 1837 560 1903 ἔστι
582 1842 638 1925 γὰρ
657 1843 709 1903 καί
724 1837 897 1924 Σμυρναίοις
919 1839 1004 1924 ὑπὲρ
1027 1844 1089 1928 τὴν
1111 1842 1216 1906 πόλιν
1237 1845 1316 1905 κατὰ

249 1949 282 2012 τὸ
315 1943 401 2018 ἐκτὸς
432 1954 482 2010 τοῦ
513 1950 628 2034 τείχους
651 1944 816 2033 Κληδόνων
850 1943 935 2032 ἱερόν.
971 1948 1188 2031 putabimusne
1220 1944 1316 2014 ‘trans

250 2049 389 2120 urbem’?
411 2056 445 2121 ab
460 2053 612 2138 quomodo
627 2057 692 2119 tam
708 2072 788 2137 vaga
804 2053 863 2121 loci
884 2053 1106 2141 significatione
1125 2055 1174 2120 uti
1193 2057 1316 2139 poterat

249 2160 428 2246 periegeba?
452 2159 503 2244 qui
526 2180 596 2227 cum
617 2159 649 2226 id
672 2179 793 2228 sacrum
817 2180 876 2227 non
900 2161 980 2228 inber
994 2161 1072 2228 alias
1088 2181 1136 2228 ros
1152 2161 1316 2247 Smyrnae·

250 2286 339 2334 crum
354 2266 554 2335 admirabiles
570 2271 735 2348 recenseat,
751 2268 804 2334 sed
820 2268 920 2334 obiter
934 2268 966 2334 in
978 2268 1093 2334 Thebis
1108 2268 1314 2335 describendis

249 2373 402 2459 attingat,
430 2374 553 2441 omnino
581 2375 746 2454 nescimus,
775 2394 835 2459 quo
863 2377 992 2444 cnloco
1023 2396 1113 2443 snum
1140 2377 1220 2444 illud
1243 2373 1314 2462 δτέρ

249 2480 389 2567 intellegi
413 2482 498 2548 velit.
522 2483 548 2548 si
571 2483 640 2567 quis
663 2501 734 2548 vero
757 2484 838 2550 hunc
860 2485 963 2551 locum
986 2487 1077 2569 putat
1094 2485 1228 2551 mediam
1251 2502 1315 2552 osse

249 2589 412 2675 Smyrnam
435 2589 554 2670 urbem,
579 2589 839 2673 quemadmodum
859 2591 1174 2677 Wachsmubhius¹¹²)
1200 2592 1315 2656 Pansa-

248 2695 332 2763 uiam
356 2696 371 2761 1
389 2698 440 2774 14,
458 2699 478 2763 6
495 2693 578 2782 (ὑπὲρ
595 2696 628 2760 δὲ
643 2698 691 2760 τὸν
707 2694 895 2782 Κεραμεικὸν
908 2733 948 2744 -
962 2702 1032 2769 ναός
1047 2695 1123 2762 ἐστιν
1137 2695 1314 2785 Ἡφαίστου)

248 2802 345 2869 situm
376 2803 486 2887 templi
514 2804 650 2870 Volcano
678 2804 820 2869 sacrior
850 2804 951 2870 medio
982 2803 1216 2872 Atheniensium
1249 2804 1315 2871 foro

248 2909 421 2995 significare
443 2913 554 2991 censet,
579 2905 651 2995 ίπέρ
674 2910 756 2976 idem
781 2911 923 2994 estquod
946 2910 1002 2986 ἔξω
1026 2914 1058 2977 ei
1073 2914 1152 2976 κατὰ
1173 2914 1206 2975 τυ
1229 2908 1315 2985 ἐντὸς

248 3024 299 3080 του
321 3020 437 3104 τείχους
463 3035 731 3102 supervacaneum.
759 3018 865 3101 itaque
891 3037 1012 3084 sacrum
1038 3018 1119 3085 illud
1146 3018 1313 3085 Oledonum

248 3126 335 3189 extra
356 3122 507 3209 Smyrnae
529 3123 650 3189 moenia
672 3124 704 3188 in
728 3123 795 3190 loco
820 3123 923 3207 aliquo
947 3124 1025 3209 Pagi
1048 3125 1163 3190 montis
1186 3125 1314 3191 editiore

248 3229 459 3297 collocandum
491 3234 548 3298 est.
580 3249 677 3313 neque
704 3231 809 3297 tamen
838 3230 877 3300 G.
899 3231 944 3300 M.
965 3231 1125 3316 uaniossu
1155 3230 1312 3312 assentior,

248 3336 302 3421 qui
314 3337 466 3422 Apollinis
481 3338 632 3420 templum
648 3357 666 3404 a
680 3338 831 3405 Strabone
848 3338 923 3404 xiv
936 3341 965 3419 1,
979 3342 1022 3406 36
1038 3340 1313 3405 commemoratum

248 3449 280 3511 eb
307 3443 476 3512 Oledonum
503 3465 624 3517 sacrum
651 3465 747 3512 unum
776 3447 917 3531 idemque
944 3449 1049 3530 putat:
1078 3465 1149 3512 nam
1177 3445 1312 3529 primum

247 3552 307 3620 hoc
322 3552 395 3619 solis
408 3551 601 3633 cledonium,
618 3572 695 3636 quae
707 3573 726 3619 a
736 3552 913 3639 Smyrnaeis
926 3557 961 3620 ui
972 3554 1046 3620 deae
1062 3552 1312 3638 colebanturss‘),

249 3658 424 3727 dedicatum
439 3660 532 3727 fuisse
547 3659 704 3746 periegeia
726 3661 837 3737 bradit3
862 3661 969 3727 deinde
985 3660 1138 3745 Apollinis
1162 3660 1312 3743 tempium

247 3764 279 3832 in
303 3765 568 3834 Clazomeniorum
592 3768 677 3851 agris
701 3769 782 3851 erat3
806 3769 1003 3834 enumeratur
1025 3767 1108 3832 enim
1131 3765 1313 3833 aStrabone

320 4013 368 4084 ¹¹²)
387 4013 448 4069 ‘Die
467 4014 549 4070 Stadt
567 4014 632 4071 Abh.
650 4015 669 4069 i.
687 4013 730 4072 A?
750 4015 762 4069 1
780 4032 807 4085 p.
827 4014 886 4069 lae.

320 4111 364 4184 ¹¹¹)
383 4112 558 4183 ‘Smymaeon
575 4129 616 4168 res
635 4114 704 4183 gest.
724 4115 751 4167 eb
767 4109 905 4182 antiquit?
928 4110 1052 4181 Gotting.
1072 4111 1139 4166 1851
1159 4127 1184 4182 p.
1197 4111 1240 4167 50.

321 4210 364 4282 ¹¹⁴)
384 4210 425 4268 Of.
444 4210 554 4268 Aristid.
573 4210 631 4282 περὶ
650 4216 696 4263 τοῦ
716 4210 754 4282 μὴ
773 4208 823 4262 δεῖν
842 4227 910 4280 amp.
928 4209 943 4264 1
960 4226 987 4279 p.
1000 4208 1052 4264 754
1071 4207 1112 4264 ed.
1130 4205 1254 4264 Dindori.
