3134 4964
671 428 905 509 -4ν-’

682 640 877 724 Exempla.

313 807 329 872 Ι
354 811 441 889 11,2
469 803 589 873 Ἑλένου
617 810 658 885 δέ,
689 806 731 880 ὡς
761 806 910 886 έτελεῦτα,
943 807 1094 894 Μολοσσῷ
1127 820 1167 894 τῷ
1190 807 1309 893 Hippou

246 915 431 999 παραδόντος
452 919 504 1003 τὴν
527 913 623 1002 ἀρχὴν
647 913 809 1000 Κεστρῖνος
832 919 883 1002 μέν
906 917 957 981 σῦν
972 927 1033 989 τοῖς
1048 912 1200 981 ἐθέλουσιν
1216 914 1313 980 Ἠπει-

247 1033 347 1108 ρυτιῦν
370 1026 422 1110 τὴν
444 1018 531 1107 ὑπὲρ
556 1022 693 1109 Θῦαμιν
716 1027 883 1109 ποταμὸν
905 1028 1008 1111 χώραν
1024 1021 1107 1110 ἔσχε.
1131 1026 1207 1089 haee
1222 1027 1315 1102 terra,

248 1149 325 1215 quae
355 1130 494 1197 Oestriua
523 1131 700 1197 nominatur
735 1130 789 1217 (of.
817 1132 849 1197 ll
879 1134 932 1212 23,
955 1132 1000 1218 6),
1031 1133 1134 1197 ultra
1163 1130 1317 1215 Thyamin

248 1237 362 1303 flumen
386 1239 446 1316 est;
471 1257 543 1304 nam
568 1237 726 1305 Gestrinus
749 1256 785 1304 er
809 1238 963 1317 Molossis,
987 1239 1040 1322 qui
1062 1236 1141 1303 eitra
1160 1237 1315 1322 Thyamin

248 1345 280 1411 in
304 1344 451 1412 orientem
475 1347 570 1413 solem
602 1349 758 1430 spectant,
790 1347 822 1412 in
851 1349 970 1412 terram
1001 1346 1039 1412 ab
1069 1347 1126 1411 hoo
1156 1346 1250 1412 fluvio
1281 1345 1317 1411 ad

249 1453 322 1519 solis
334 1472 477 1520 oceasum
488 1454 692 1538 pertinentem
704 1455 831 1539 migrat.
848 1473 877 1521 ν.
890 1454 1032 1519 Bursian.
1044 1453 1067 1518 l.
1080 1471 1108 1519 o.
1120 1454 1136 1518 l
1149 1473 1179 1536 p.
1193 1454 1251 1530 24;
1265 1454 1316 1517 18.

319 1570 347 1635 V
372 1572 438 1650 7‚7
469 1566 705 1656 (Ὑπερβορέους)
732 1567 803 1634 εἶναι
831 1568 864 1633 δέ
891 1567 1069 1655 ἀνθρώπους
1095 1569 1124 1632 el
1149 1564 1234 1652 ὑπὲρ
1262 1570 1318 1631 τὸν

250 1675 379 1763 ἄνεμον
408 1673 521 1742 οίκοῦσι
550 1681 608 1742 τὸν
636 1675 782 1762 Βορέαν.
818 1677 857 1743 oi.
888 1677 970 1742 Plin.
1002 1696 1030 1741 u.
1059 1677 1090 1741 h.
1114 1676 1158 1741 lV
1183 1679 1224 1741 12
1248 1674 1319 1762 (26)

250 1781 338 1868 ‘pone
360 1803 411 1850 eos
426 1788 546 1852 montes
570 1785 624 1867 (so.
641 1785 785 1869 Ripaeos)
808 1784 975 1868 ultraque
995 1783 1220 1866 Aquilonem
1244 1800 1320 1866 gens

251 1890 323 1956 felix
339 1889 380 1976 (si
392 1891 568 1977 oredimus),
585 1910 661 1975 quos
673 1892 888 1976 Hyperboreos
900 1886 1116 1974 appellausre’;
1134 1889 1178 1955 VI
1195 1892 1235 1955 13
1249 1887 1319 1974 (14)

250 1993 348 2064 ‘extra
360 2016 410 2063 eos
426 1997 481 2084 (sc.
495 1996 638 2083 Scythas)
653 1999 817 2082 ultraque
833 1996 1020 2082 aquilonis
1035 1996 1146 2063 initia
1158 1996 1321 2080 Hyperbo-

257 2122 326 2170 reos
342 2103 438 2187 aliqui
459 2100 609 2188 posuere’;
633 2103 738 2188 Steph.
756 2106 831 2189 Byz.
853 2124 877 2169 s.
898 2123 928 2169 ν.
945 2100 1144 2189 Ὑπερβόρεοιι
1160 2099 1323 2188 Δαμάστης

252 2208 309 2296 (so.
334 2209 436 2298 φησίν)
466 2249 519 2286 -,
554 2207 615 2275 ἄνω
639 2207 665 2274 δ’
691 2207 883 2296 Ἀριμασπῶν
911 2214 947 2274 τὰ
975 2206 1094 2272 Ῥίπαια
1121 2208 1192 2296 ὄρη,
1222 2206 1253 2281 ἐξ
1281 2205 1321 2271 ὧν

253 2318 302 2379 τδν
328 2319 432 2400 βορέαν
455 2325 541 2393 πνεῖν,
565 2317 651 2403 χιόνα
676 2317 708 2380 δὲ
724 2322 836 2404 μήποτε
860 2312 935 2380 αὐτὰ
950 2312 1099 2379 ἐκλείπειν·
1122 2311 1205 2398 ὑπὲρ
1230 2315 1323 2378 δὲτὰ

254 2421 318 2511 δρη
346 2433 455 2487 ταῦτα
477 2419 687 2508 Ὑπερβορέους
712 2425 860 2510 καθήκειν
887 2420 929 2493 εἰς
956 2425 1007 2510 τὴν
1030 2419 1130 2506 ἑτέραν
1152 2422 1321 2488 θάλασσαν.

320 2538 351 2604 Χ
375 2541 442 2617 l,2
473 2534 551 2602 οὖτοι
581 2537 637 2624 (so.
663 2534 690 2600 οί
712 2535 924 2625 Ἐπικνημίδιοι
952 2535 1079 2621 Λοκροί)
1109 2540 1165 2622 γὰρ
1194 2536 1231 2624 δή
1255 2533 1323 2600 εἰσιν

255 2640 282 2707 οἱ
305 2645 395 2729 ταῦπρ
419 2648 470 2731 τὴν
486 2643 613 2708 Φωκίδα
636 2641 865 2728 ὑπεροικοῦντες,
881 2643 1031 2733 Σκαρφεῖς
1054 2647 1106 2730 μέν
1131 2647 1167 2708 τὰ
1191 2640 1324 2707 έπέκεινα

254 2750 416 2830 Ἐλατείας,
440 2751 525 2838 ὑπὲρ
542 2752 575 2817 δέ
590 2749 782 2839 Ὑάμπολιν
797 2757 848 2818 καὶ
863 2751 976 2838 Ἄβας
991 2749 1018 2817 οἱ
1033 2754 1117 2816 πόλιν
1132 2775 1164 2815 τε
1180 2747 1324 2814 Ὀποῦντα

254 2864 305 2929 καὶ
327 2857 502 2927 Ὀπουντίων
530 2858 648 2926 ἐπίνειον
676 2865 827 2946 νεμόμενοι
855 2859 964 2925 Κῦνον.
992 2864 1028 2926 ut
1057 2860 1260 2942 Scarphenses
1287 2861 1325 2921 τὰ

256 2964 390 3033 ἐπέκεινα
415 2964 583 3044 Ἐλατείας,
611 2968 632 3032 i.
660 2985 688 3032 e.
715 2970 801 3033 trans
828 2967 971 3033 Elateam
998 2967 1140 3032 habitare
1168 2965 1324 3042 (linuntur,

255 3073 301 3140 ita
323 3073 361 3153 ei,
385 3075 438 3158 qui
461 3074 615 3159 Opuntem
638 3078 670 3139 et
694 3072 815 3159 Cynum
838 3076 998 3152 tenebant,
1032 3072 1150 3139 uariata
1174 3071 1322 3138 orationis

256 3182 355 3250 forma
366 3179 437 3266 ῦπέρ
449 3178 610 3267 Ὑάμπολιν
626 3184 678 3245 καί
690 3177 801 3266 νΑβας.
818 3199 890 3246 nam
906 3181 1084 3259 Pausaniae,
1096 3200 1168 3246 eum
1180 3178 1325 3245 Phocidis

257 3288 424 3356 ameridie
447 3291 478 3355 et
501 3308 519 3354 a
542 3287 801 3373 septentrionibus
823 3287 898 3354 fines
928 3287 1129 3366 determinat,
1162 3285 1263 3352 media
1292 3285 1324 3350 in

257 3398 341 3462 terra
362 3415 427 3462 sese
450 3398 582 3462 stantem
607 3396 697 3481 fingit
713 3395 768 3475 ita,
792 3398 828 3461 ut
844 3396 919 3475 vias,
943 3413 1020 3478 quae
1035 3395 1119 3460 ultra
1134 3391 1322 3477 Hyampolin

258 3503 411 3585 Abasquo,
435 3503 546 3586 oppida
564 3503 778 3585 Phoceusium,
801 3502 833 3567 in
849 3503 1016 3568 Locrorum
1040 3501 1152 3586 oppida
1168 3499 1323 3584 Opuntem

259 3608 437 3695 Cynumque
453 3612 545 3692 atque
560 3609 645 3676 ultra
656 3610 801 3675 Elateam
815 3609 1001 3692 Scarpheam
1017 3609 1143 3685 ducunt,
1159 3610 1319 3691 tamquam

258 3716 354 3783 oeulis
377 3720 546 3800 percurrat.
570 3716 609 3782 ef.
634 3715 767 3782 similem
790 3716 925 3801 genetivi
953 3735 1043 3782 usum
1068 3715 1098 3781 ll
1123 3717 1190 3793 9,2
1219 3711 1321 3800 Δῦμην

259 3827 311 3911 τὴν
334 3819 417 3908 ὑπὲρ
441 3821 601 3906 Πατριῦν,
618 3823 665 3887 IX
681 3825 734 3901 22,
751 3825 771 3889 6
787 3819 881 3907 Νάξῳ
899 3833 935 3908 τῇ
951 3818 1040 3906 ῦπὲρ
1058 3819 1181 3904 Πάρου
1195 3824 1325 3905 κειμένη.

326 3940 386 4006 Hie
408 3935 480 4023 ῦπέρ
503 3939 675 4024 particulae
697 3958 767 4005 oum
791 3938 965 4005 accusativo
996 3940 1117 4004 innotos
1147 3956 1237 4016 usus,
1268 3956 1327 4020 quo

260 4045 380 4130 aliquid
401 4048 488 4115 trans
511 4045 596 4113 aliud
619 4064 684 4112 esse
703 4045 905 4131 significatur,
931 4045 1025 4111 etiam
1041 4043 1122 4127 apud
1138 4043 1217 4110 alios
1233 4043 1328 4126 scrip·

260 4155 342 4220 tores
365 4151 619 4236 deprehenditur:

1113 4291 1131 4344 4
