3134 4964
739 474 958 535 ..63-

311 669 343 734 in
367 667 433 734 loro
456 667 631 732 Minervam
654 673 780 734 aeneam
803 665 902 746 videt,
933 665 1041 731 deinde
1063 684 1174 748 super
1196 665 1229 731 id
1251 666 1379 748 ideoque

311 775 343 840 in
366 773 536 841 declivibus
559 773 792 852 Acrocorinthi,
824 773 911 840 cuius
939 773 997 840 sub
1027 773 1183 838 radicibus
1204 773 1278 838 urbs
1301 776 1377 851 erat,

311 881 452 964 partibus
472 880 619 946 Octaviae
640 880 804 963 templum,
827 898 887 945 non
909 879 995 944 ultra
1018 880 1135 955 forum;
1159 897 1195 944 er
1218 878 1276 945 hoc
1298 879 1379 944 enim

312 986 445 1054 secunda
459 987 583 1053 demum
600 988 795 1072 paragrapho
815 986 930 1053 secedit
953 986 1055 1052 verbis
1078 982 1113 1049 ἐι
1136 986 1168 1049 δὲ
1191 996 1245 1072 της
1269 984 1379 1070 ἀγορᾶς

312 1092 451 1169 ἐξιόντων.
475 1094 514 1160 ο1.
539 1093 625 1161 Curt.
650 1094 672 1159 l.
696 1113 722 1159 c.
747 1094 780 1158 ll
803 1114 833 1177 p.
852 1096 928 1159 532.

379 1202 395 1266 I
415 1203 465 1280 14,
480 1198 500 1267 6
516 1196 601 1284 ὑπὲρ
618 1200 650 1265 δὲ
666 1203 723 1265 τὸν
739 1199 966 1286 Κεραμεικὸν
982 1203 1033 1263 καὶ
1049 1203 1154 1263 στοὰν
1170 1204 1229 1287 την
1244 1200 1379 1264 καλου-

313 1312 419 1395 μένην
448 1307 629 1392 βασίλειον
663 1311 734 1380 ναός
763 1305 838 1372 ἐστιν
867 1304 1037 1395 Ἡφαίστου.
1070 1306 1199 1372 Volcani
1228 1307 1378 1390 templum

312 1418 392 1483 teste
416 1414 574 1481 Andocide
598 1415 635 1480 de
659 1417 750 1499 myst.
775 1416 818 1481 40
832 1414 886 1501 ¹⁴⁸)
909 1414 1012 1481 locum
1032 1413 1192 1480 editiorem
1208 1414 1378 1494 obtinebat,

313 1527 345 1590 et
361 1522 484 1607 quidem
500 1541 592 1607 supra
608 1522 709 1587 forum
726 1521 853 1604 ideoque
868 1523 962 1588 etiam
976 1541 1068 1604 supra
1081 1522 1235 1605 porticum
1247 1521 1378 1606 regiam

313 1650 384 1697 nam
409 1629 576 1696 secundum
591 1629 868 1712 Harpocrationem
891 1650 916 1695 s.
932 1648 962 1694 ν.
979 1627 1159 1700 Κολωνέτας
1179 1629 1380 1695 mercennarii

336 1737 525 1804 onsistebant
535 1740 616 1819 παρὰ
630 1747 672 1820 τῷ
688 1733 823 1820 Κολωνῷ
839 1775 893 1808 —,
909 1733 943 1809 d<
959 1734 1018 1800 ἐστι
1033 1737 1157 1823 πλησίον
1170 1746 1222 1820 τῆς
1237 1734 1378 1819 ἀγορᾶς,

314 1845 390 1909 ἔνθα
412 1847 445 1908 τὸ
468 1840 691 1930 Ἡφαιστεῖον
714 1845 819 1906 καὶτὸ
843 1839 1041 1926 Εὔρυσάνιετόν
1064 1839 1195 1929 eccum).
1222 1844 1286 1908 iam
1308 1862 1380 1909 vero

314 1972 383 2018 cnm
401 1951 537 2035 porticus
552 1950 637 2035 regia
652 1951 684 2016 in
700 1950 881 2017 occidentali
897 1950 956 2015 fori
971 1950 1069 2016 latere
1084 1950 1250 2017 collocetur
1261 1970 1380 2016 necesse

307 2060 366 2152 sit,
390 2059 551 2141 postquam
575 2077 629 2140 per
652 2057 793 2142 dippium
816 2057 956 2122 Athenas
986 2057 1160 2141 ingressum
1189 2075 1253 2124 esse
1282 2058 1380 2140 perie-

315 2168 420 2250 getam
444 2183 499 2230 nos
526 2167 608 2229 recte
635 2163 741 2230 docuit
765 2165 801 2228 B.
826 2163 1096 2248 Schmidtius¹⁵⁰),
1124 2164 1209 2230 locus
1232 2164 1380 2248 superior,

315 2273 345 2338 in
371 2291 430 2354 quo
453 2271 584 2337 Volcani
608 2272 759 2353 templum
783 2273 868 2350 erat,
897 2272 1060 2338 manifesto
1084 2271 1170 2337 collis
1192 2272 1219 2338 is
1242 2275 1304 2351 est,
1329 2273 1381 2355 qui

316 2382 445 2446 vocatur
457 2376 640 2463 Theseius.
657 2397 711 2444 nec
726 2378 930 2461 improbabile
948 2383 994 2446 est
1009 2379 1108 2462 ipsum
1126 2379 1204 2444 illud
1220 2381 1381 2464 templum,

316 2486 398 2569 quod
414 2486 507 2552 etiam
524 2485 614 2550 hodie
625 2485 657 2550 in
670 2485 779 2552 Thesei
796 2486 875 2551 olivo
893 2488 1003 2566 exstat,
1017 2487 1153 2552 Volcano
1166 2486 1382 2552 vindicandum

316 2593 454 2678 essem).

383 2701 412 2765 X
437 2702 489 2778 36,
509 2702 549 2765 10
573 2698 633 2763 ἔστι
650 2699 682 2763 δὲ
697 2697 780 2784 ὑπὲρ
797 2704 857 2787 την
875 2699 1006 2784 ἀγορὰν
1023 2699 1218 2787 (Anticyras)
1236 2698 1265 2765 ἐν
1281 2706 1383 2788 φρέατι

316 2803 426 2880 ὕδατος
449 2812 538 2894 πηγή.
569 2811 696 2891 puteum
727 2826 820 2890 snpra
849 2808 950 2874 forum
980 2808 1073 2874 fuisse
1102 2808 1278 2874 confirmari
1306 2808 1383 2875 mihi

317 2914 439 2980 videtur
463 2914 562 2980 verbis
584 2914 814 2997 insequentibus
837 2915 901 2980 his:
925 2914 986 2979 ἔστι
1009 2915 1041 2978 δὲ
1064 2912 1098 2979 oh
1121 2916 1196 2979 πολὺ
1220 2913 1382 3002 ἀνωτέρω

317 3030 366 3085 coo
390 3024 580 3109 φρέατος-
604 3031 714 3108 μνῆμα.
741 3023 780 3087 cf.
805 3023 894 3087 Burs.
919 3023 941 3087 l.
965 3042 991 3089 c.
1016 3023 1031 3086 l
1054 3026 1177 3106 ρ.188.

384 3128 413 3192 Χ
438 3130 525 3209 25,1
555 3123 641 3211 ὑπὲρ
666 3128 697 3191 δὲ
721 3132 781 3215 την
805 3127 1012 3193 Κασσοτίδα
1035 3127 1109 3193 ἐστὶν
1132 3129 1244 3217 οἴκημα
1266 3135 1384 3219 γραφὰς

318 3233 388 3321 ἔχον
419 3245 474 3298 τῶν
502 3234 706 3316 Πολυγνώτου,
738 3274 780 3283 -
809 3238 942 3300 καλεῖται
971 3236 1003 3299 δὲ
1032 3233 1089 3301 bah
1111 3235 1235 3326 Δελφῶν
1258 3235 1382 3326 Adam

390 3411 434 3479 ¹⁴⁸)
453 3409 528 3464 ’libo
552 3410 580 3464 δὲ
599 3409 731 3485 Εὔφημον
752 3444 782 3452 -
804 3413 829 3466 ὲν
849 3421 885 3484 τῷ
909 3413 1025 3485 χαλκείῳ
1046 3415 1212 3487 καθήμενον,
1233 3415 1382 3488 ἀναγαγὼν

317 3499 395 3554 αὐτὸν
415 3498 452 3562 εἰς
471 3503 500 3553 τὸ
520 3498 743 3572 Ἡφαιστεῖον.

390 3587 434 3659 ¹⁴⁹)
453 3589 494 3646 Cf.
514 3591 581 3645 Poll.
600 3589 656 3645 VII
676 3593 734 3646 132.

391 3677 436 3747 ¹⁶⁰)
454 3677 512 3734 ‘Die
519 3679 666 3749 Thorlrage
676 3680 693 3736 i.
702 3680 727 3735 d.
736 3681 900 3751 Topograph.
910 3680 1079 3751 Achsprogr.
1087 3682 1161 3737 acad.
1171 3682 1382 3753 Friburg.1879.

391 3762 435 3836 ¹⁶¹)
456 3766 496 3826 cf.
515 3767 591 3824 Burs.
610 3769 627 3822 l.
648 3785 669 3822 c.
689 3769 703 3822 l
722 3787 747 3839 p.
761 3770 812 3824 287
826 3787 875 3841 sq,
895 3769 1002 3826 Curtius
1022 3769 1198 3826 ‘Erlduternd
1218 3771 1285 3826 Text
1303 3772 1349 3827 der
1368 3777 1382 3828 7

320 3857 397 3911 Kart.
416 3873 437 3911 z.
458 3856 572 3927 Topogr.
591 3875 614 3915 v.
635 3855 708 3916 lith'
728 3876 753 3929 p.
768 3861 799 3914 51
815 3877 863 3931 sq,
879 3859 1061 3916 Wachsmuth.
1081 3861 1099 3915 1.
1113 3879 1134 3916 c.
1153 3861 1167 3916 Ι
1186 3879 1211 3931 p.
1227 3863 1285 3929 177,
1300 3862 1384 3916 Weiz·

317 3946 454 4001 saeclorus
468 3944 529 4001 ‘nie
539 3946 687 4002 Bescbroib.
703 3947 747 4002 des
758 3949 876 4005 Marktos
889 3967 912 4007 v.
924 3949 988 4008 Ath.
1003 3968 1027 4005 u.
1039 3950 1082 4005 die
1091 3951 1383 4022 Enneakrunosepisod.

316 4035 342 4088 b.
362 4032 461 4101 Paus’,
480 4034 574 4090 Jahrb.
593 4036 612 4090 f.
632 4036 702 4092 Phil.
722 4053 746 4094 u.
766 4037 867 4107 Pidag.
888 4039 956 4095 1887
977 4057 1002 4109 p.
1015 4040 1076 4103 593,
1095 4039 1247 4109 Lollingius
1260 4039 1384 4111 ‘'lopogr.

318 4142 343 4180 ν.
363 4122 437 4180 htn?
457 4125 473 4180 l.
494 4142 515 4182 c.
535 4126 578 4180 Ill
598 4144 622 4197 p.
636 4128 696 4193 318,
711 4127 736 4181 3.

390 4214 438 4284 ¹⁶²)
458 4214 498 4270 cf.
518 4215 635 4285 Lolling.
655 4217 672 4270 l.
692 4233 714 4270 c.
