3112 4972
801 269 1020 336 ..42-

374 467 484 533 utitur*
498 467 665 533 Ρ11111111
675 465 742 554 96)),
767 469 819 534 sed
843 468 1005 536 exteriores
1024 471 1175 553 metopae,
1200 477 1362 554 quaecum
1378 471 1442 556 sig-

374 573 420 638 nis
444 574 572 639 elevatis
596 578 743 653 carerent,
768 575 874 658 clipeis
898 579 1061 642 exornatae
1085 580 1182 643 erant.
1208 578 1246 643 cf.
1265 577 1350 644 Curt.
1375 579 1395 644 l.
1414 599 1440 645 c.

373 680 409 746 Il
432 704 462 767 p.
480 684 533 762 56,
558 682 679 748 Plasch.
704 678 867 766 ‘Olympia
890 683 911 747 l.
937 683 959 748 l.
983 685 1015 748 II
1039 703 1068 766 p.
1087 687 1182 754 1102.

440 790 613 868 1111113
636 787 785 853 ἀνάκειται
802 791 834 853 δέ
850 793 901 853 καὶ
917 787 1004 862 ἀσπίς
1026 787 1112 875 ὑπέρ
1136 801 1195 854 τοῦ
1218 790 1332 857 ἀετοῦ.
1357 812 1442 857 sum-

373 913 424 961 mo
447 896 574 979 fastigio
598 917 692 980 supra
707 896 848 980 tympani
865 897 981 980 figuras
997 899 1105 964 affixus
1121 902 1189 965 erat
1203 899 1319 983 clipeus
1336 899 1442 966 eadem

373 1003 502 1084 ratione,
520 1023 578 1087 qua
596 1004 907 1070 Lacedaemoniorum
924 1006 1085 1071 donarium
1102 1008 1219 1090 templo
1236 1008 1318 1073 lovis
1334 1007 1442 1091 Olym-

372 1111 416 1193 pii
439 1110 492 1196 (cl.
510 1112 538 1176 V
556 1114 607 1190 10,
625 1114 669 1196 4).

439 1219 626 1302 Pigurarum
654 1219 846 1303 quarundam
874 1220 906 1285 in
936 1221 1055 1286 duabus
1085 1221 1202 1286 tabulis
1226 1240 1243 1285 a
1266 1222 1441 1306 Polygnoto

372 1326 472 1408 pictis,
497 1345 573 1409 quae
590 1326 779 1410 Delphorum
799 1324 941 1413 ‘Atoypd
958 1328 1153 1405 exornabant,
1179 1330 1273 1394 situm
1289 1330 1442 1411 particula

371 1430 443 1519 datp
468 1454 538 1500 curn
561 1438 662 1518 genet.
687 1436 831 1518 copulata
854 1437 954 1501 tribus
977 1438 1026 1501 his
1050 1436 1126 1503 locis
1149 1437 1330 1522 indicst⁹⁷):

439 1543 466 1607 X
487 1543 577 1619 25,4
601 1539 722 1629 Βρισηῒς
746 1542 778 1605 δέ
801 1539 917 1605 ἑστῶσα
940 1545 991 1606 καί
1012 1540 1149 1630 Διομήδη
1172 1566 1203 1606 τε
1226 1539 1312 1628 ὑπὲρ
1334 1540 1442 1631 αὐτῆς

374 1651 425 1712 καί
439 1646 525 1737 ’Ἶρις
554 1651 609 1732 πρὸ
634 1646 805 1736 ἀμφοτέρων
829 1646 956 1713 ἐοίκασιν
985 1647 1239 1735 ἀνασκοποὺμεναι
1269 1653 1301 1712 τὸ
1321 1647 1442 1737 Ἑλένης

374 1752 461 1826 εἶδος.
479 1775 549 1821 oum
566 1755 689 1834 Briseis,
704 1755 863 1836 Diomede,
881 1757 977 1839 lphis,
990 1759 1098 1840 utpote
1110 1757 1246 1822 Helenae
1258 1757 1442 1841 pulcritudi-

372 1881 441 1927 nem
454 1862 651 1944 admirantes
665 1881 734 1927 oum
748 1863 806 1928 hac
824 1865 855 1928 11
867 1863 989 1928 Electra
1002 1866 1032 1928 et
1043 1862 1230 1929 Penthalide
1243 1867 1274 1929 et
1286 1865 1442 1949 Eurybate

372 1989 467 2034 unum
485 1970 678 2054 symplegma
702 1969 847 2048 efficiant,
871 1965 942 2052 ὑπέρ
966 1969 1119 2052 particula
1134 1969 1317 2036 Diomedem
1336 1970 1441 2054 paullo

371 2077 559 2159 superiorem
570 2077 708 2158 obtinere
717 2076 818 2142 locum
828 2095 919 2158 quam
931 2076 1100 2141 Briseidem
1112 2077 1284 2160 significat;
1298 2077 1442 2143 similiter

371 2187 401 2251 X
418 2187 470 2264 31,
488 2187 508 2251 3
524 2182 700 2269 Μελέαγρος
723 2185 755 2247 δέ
772 2223 813 2231 -
831 2181 992 2269 ἀνωτέρω
1016 2188 1068 2270 μὲν
1091 2181 1111 2269 ἢ
1128 2180 1143 2246 ὁ
1159 2193 1209 2247 τοι]
1226 2180 1348 2257 Ὀϊλέως
1363 2182 1442 2256 Α’ίας

371 2290 446 2356 ἐστὶν
471 2289 500 2355 έν
516 2302 551 2377 τῇ
568 2302 677 2380 γραρμ,
702 2291 779 2355 ἔοικε
797 2292 829 2354 δέ
845 2289 946 2375 ὁρῶντι
963 2289 994 2363 ές
1010 2295 1058 2355 τὸν
1074 2290 1197 2366 Αἴαντα,
1214 2292 1268 2356 ubi
1284 2292 1442 2375 Meleager

372 2399 509 2466 eiusdem
533 2403 580 2465 ost
602 2399 847 2484 symplegmatiS,
872 2399 958 2465 cuius
982 2400 1065 2464 Aias.
1090 2400 1129 2464 cf.
1155 2398 1351 2466 Gebhardtus
1374 2396 1441 2464 ‘llie

371 2508 547 2591 Komposit.
561 2506 616 2572 der
631 2506 778 2573 Gemdlde
791 2506 844 2574 des
855 2506 1013 2591 Polygnot
1029 2507 1058 2571 in
1076 2506 1130 2572 der
1143 2507 1257 2572 Lesche
1268 2529 1294 2574 x.
1309 2502 1440 2589 Delphi’,

373 2614 548 2699 1111

438 2721 468 2786 X
485 2724 538 2802 29,
556 2723 574 2787 7
596 2732 740 2802 γυναικῶν
756 2730 812 2784 τῶν
827 2721 1057 2807 κατειλεγμένων
1074 2721 1251 2800 (ProcridiS,
1269 2719 1441 2804 Clymenen,

372 2828 531 2914 Megarac)
554 2825 639 2912 ὑπέρ
663 2839 726 2916 τῆς
748 2829 911 2915 κεφαλῆς
934 2826 952 2914 ἦ
977 2851 1007 2891 τε
1028 2828 1212 2914 Σαλμωνέως
1235 2831 1370 2915 θ1γάτηρ
1394 2825 1441 2891 ἐπὶ

371 2940 479 3018 πέτρας
501 2937 690 3023 καθεζομένη
706 2938 756 2999 καὶ
772 2932 914 3022 Ἐριρὺλη
930 2932 998 3021 παρ’
1014 2933 1103 3022 αὐτήν
1120 2932 1195 2999 ἐστιν
1211 2933 1334 2998 ἑστῶσα.
1358 2935 1441 3018 peri·

372 3045 462 3127 egeta
479 3045 640 3125 postquam
657 3044 758 3109 verbis
781 3038 836 3105 duo
861 3041 893 3104 δὲ
914 3046 965 3129 τὴν
981 3039 1118 3126 Φαίδραν
1134 3039 1208 3106 ἐστίν
1224 3041 1446 3128 ἀνακεκλιμένη.

371 3148 492 3234 Χλῶρις
515 3146 561 3212 ἐπὶ
585 3160 638 3237 τῆς
662 3150 754 3222 Θυίας
776 3154 892 3230 γόνασιν
916 3149 984 3235 (29,
1002 3151 1035 3235 5)
1063 3150 1094 3214 in
1117 3149 1291 3214 inferiorem
1315 3150 1442 3213 tabulae

373 3259 494 3341 partem
504 3258 714 3340 transgressus
724 3256 913 3335 Procridem,
926 3255 1103 3341 Clymenen,
1116 3257 1278 3340 Megaram
1291 3257 1321 3321 in
1335 3257 1441 3322 eadem

370 3365 452 3429 linea
469 3363 630 3448 descripsit
645 3364 714 3450 (29,
733 3371 752 3428 6
768 3364 838 3449 sp),
855 3383 960 3430 rursus
977 3365 1081 3430 oculos
1097 3363 1249 3429 conuertit
1269 3365 1308 3429 ad
1325 3364 1441 3445 superi-

372 3491 438 3537 ores
462 3470 587 3535 tabulae
615 3472 747 3556 figuras:
779 3471 916 3555 primum
944 3470 1067 3554 quidem
1094 3471 1133 3536 ad
1158 3471 1254 3557 Tyro,
1286 3470 1441 3536 Salmonei

371 3579 480 3658 filiam,
505 3582 536 3645 11
554 3580 734 3664 Eriphylen,
759 3600 835 3663 quae
860 3599 953 3663 supra
977 3582 1068 3663 caput
1091 3581 1255 3660 Procridis,
1280 3579 1440 3664 Clymenes

445 3757 480 3825 96)
499 3756 540 3812 Cf.
553 3758 578 3812 X
592 3758 659 3822 19,4
674 3755 742 3809 ὅπλα
756 3755 783 3808 δέ
797 3756 898 3808 ἐπὶτῶν
912 3755 1121 3810 ἐπιστολίων
1133 3764 1228 3829 χρυσᾶ,
1238 3756 1384 3828 Ἀθηναῖοι
1394 3757 1441 3826 μὲν

371 3848 419 3908 τὰς
434 3844 545 3908 ἀσπίδας
558 3881 584 3888 -
598 3844 733 3909 ἀνέθεσαν,
747 3843 862 3897 Αἰτωλοί
873 3843 900 3896 δέ
913 3844 945 3897 τά
958 3864 985 3897 τε
999 3843 1092 3897 ὄπισθε
1105 3846 1148 3897 καὶ
1158 3844 1183 3896 ἓν
1193 3844 1316 3917 ἀριστερᾷ
1326 3880 1352 3887 -
1362 3843 1440 3899 ὅπλα.

443 3933 479 4003 ⁹⁷)
499 3933 595 3990 Confer
610 3951 678 4005 quae
691 3934 761 3989 infra
780 3952 805 4005 p.
820 3936 852 3990 57
874 3934 906 3989 de
924 3935 1048 3991 universa
1060 3935 1208 3990 Pausaniae
1220 3936 1247 3989 in
1261 3933 1440 3990 describendis

371 4023 413 4077 his
433 4023 533 4078 tabulis
552 4023 658 4078 ratione
678 4023 816 4078 disseram.
1219 4042 1221 4047 ’
