3134 4964
673 458 893 523 „13-

251 654 420 722 sententiae
443 655 525 739 apud
539 657 666 723 ueteres
688 656 826 739 exempla
849 674 907 721 non
924 654 1050 722 desunt:
1076 653 1219 738 Aeschyl.
1236 654 1316 738 apud

250 763 332 830 Plin.
361 783 391 828 n.
415 763 447 827 h.
477 763 631 828 XXXVII
655 764 675 828 2
699 763 778 846 (11),
812 763 938 850 Dionys,
961 781 1024 848 per.
1049 782 1078 829 v.
1103 763 1162 827 281
1190 781 1255 844 sqq.
1265 761 1316 846 20).

250 869 358 936 deinde
387 888 459 937 vero
491 868 619 955 Ligures
649 869 816 936 maximam
845 872 965 954 partem
996 888 1055 936 uon
1085 868 1170 935 ultra
1197 869 1316 935 Padum

250 977 272 1042 i.
284 996 310 1043 e.
327 997 345 1043 a
359 976 445 1043 Pado
461 977 683 1061 septentriones
699 996 803 1044 versus
818 973 936 1063 l‘ultra’
952 976 1033 1044 enim
1050 976 1087 1042 de
1102 976 1315 1043 Romanomm

251 1085 404 1150 sententia
419 1082 537 1150 dietum
553 1085 622 1169 est),
646 1083 698 1149 sed
722 1084 801 1151 eitra
823 1084 937 1150 flumen
960 1083 982 1148 i.
999 1103 1026 1150 e.
1047 1103 1065 1149 a
1081 1083 1207 1151 flumine
1222 1086 1316 1150 meri·

250 1189 333 1257 diem
366 1210 472 1260 versus
503 1191 709 1276 sedebaut21).
746 1190 853 1275 quodsi
888 1190 1041 1257 Eridanus
1072 1191 1154 1257 idem
1186 1194 1232 1258 est
1264 1192 1316 1275 qui

250 1297 427 1378 Rhodanus,
455 1299 540 1379 ordo,
570 1317 629 1382 quo
653 1298 813 1365 Celtarum
836 1301 868 1365 et
891 1299 1041 1384 Ligurum
1064 1300 1163 1365 terras
1186 1298 1317 1382 scriptor

250 1405 309 1471 sihi
331 1406 423 1491 tingit
446 1405 573 1489 positas,
597 1406 635 1473 ah
658 1425 766 1473 ooeasu
790 1406 830 1473 ad
854 1405 1001 1472 orientem
1026 1407 1073 1472 est
1094 1405 1183 1492 (fines
1199 1405 1316 1485 Celtici,

250 1512 358 1580 deinde
381 1512 550 1580 Rhodanus
574 1511 762 1602 [Eridanus]‚
795 1515 863 1580 tum
894 1515 1004 1579 trans
1028 1515 1210 1581 Rhodanum
1234 1512 1316 1601 [Eri-

249 1620 363 1686 danum
379 1651 414 1675 =
429 1617 586 1706 Ἠριδανοῦ
609 1621 714 1705 πέραν]
738 1625 770 1686 et
792 1624 909 1687 terram
932 1619 1083 1687 Celticum
1107 1619 1154 1710 [=
1170 1618 1241 1707 ὑπὲρ
1260 1632 1317 1708 γῆς

250 1737 305 1815 τῆς
320 1726 486 1815 Κελτικῆς]
503 1729 657 1816 Ligures).
692 1728 792 1814 igitur
807 1727 873 1794 eius
888 1728 949 1795 loci
966 1726 1127 1814 (Atticae),
1144 1747 1234 1812 quem
1251 1729 1316 1813 ipse

250 1837 346 1914 tenet,
362 1836 532 1902 Pausanias
548 1855 653 1901 rursus
668 1835 785 1901 nullam
803 1834 953 1902 rationem
971 1835 1075 1901 habet.
1110 1835 1149 1900 ef.
1165 1835 1216 1900 Ps.
1233 1833 1315 1920 Soyl.

252 1945 267 2008 1
286 1961 369 2026 sqq.:
392 1941 563 2010 Hereuleae
579 1942 750 2021 columnae,
770 1942 879 2019 lberer,
901 1941 1059 2027 Ligures
1081 1943 1116 2007 et
1138 1941 1316 2027 lheresffi)

250 2047 281 2113 in
305 2048 417 2115 eisdem
443 2049 574 2127 sedibus,
605 2048 818 2129 Rhodanus,
850 2049 1008 2133 Ligures
1030 2048 1116 2126 soli,
1147 2047 1315 2132 Tyrrheni;

251 2239 368 2312 ἄμπωτιν
386 2243 430 2294 καί
448 2240 541 2313 ῥαχίαν
558 2242 602 2294 καί
613 2240 700 2314 θηρία
719 2239 793 2293 οὐδέν
812 2240 916 2293 ἐοικότα
928 2247 984 2304 τοῖς
997 2241 1022 2294 ὲν
1034 2240 1162 2313 θαλάσσῃ
1176 2248 1208 2312 τῇ
1222 2240 1314 2312 λοιπῇ·

250 2330 294 2382 καί
313 2349 383 2403 σφισι
402 2329 453 2384 διὰ
470 2337 528 2404 τῆς
546 2330 655 2403 χώρας
675 2329 715 2402 ῥεῖ
733 2331 851 2400 ποταμὸς
870 2328 1054 2402 Ἠριδανός,
1074 2329 1114 2403 ἐφ’
1134 2323 1216 2400 ᾧτὰς
1229 2333 1316 2402 θυρα-

249 2419 327 2491 τέρας
345 2422 393 2482 τὰς
412 2418 504 2472 ‘illios
525 2418 665 2492 ὀδύρεσθαι
683 2418 815 2491 νομίζουσι
834 2420 862 2471 τὸ
881 2419 938 2492 περί
956 2420 1000 2472 τὸν
1013 2417 1158 2472 Φαέθοντα
1175 2421 1218 2472 τὸν
1237 2418 1316 2471 ἀδελ·
1414 2414 1417 2420 ’

251 2510 299 2580 φὸν
316 2509 412 2572 πάθος.
441 2508 490 2581 ὀψέ
505 2508 532 2562 δέ
545 2528 606 2562 ποτε
618 2507 715 2570 αὐτοὺς
728 2507 871 2561 καλεῖσθαι
884 2506 1006 2571 Γαλάτας
1021 2508 1182 2581 ἐξενίκησεν·
1202 2506 1317 2561 Κελτοὶ

249 2600 301 2670 γὰρ
325 2599 393 2651 κατά
414 2617 441 2651 τε
461 2606 530 2671 σφᾶς
548 2600 577 2651 τὸ
597 2597 709 2671 ἀρχαῖον
734 2598 779 2650 καί
796 2600 868 2670 παρὰ
885 2604 939 2661 τοῖς
966 2595 1057 2661 ἄλλοις
1077 2597 1256 2668 ῶνομάζοντος
1282 2598 1315 2653 cf.

251 2687 274 2740 V
290 2689 332 2752 14,
346 2689 362 2742 3
376 2687 435 2756 (ubi
448 2687 536 2744 scribo
553 2695 610 2761 τῆς
622 2695 674 2741 τῶν
687 2685 795 2740 Κελτῶν
814 2687 859 2758 [of.
873 2687 887 2741 I
900 2688 944 2752 44,
957 2688 974 2741 4
986 2694 1036 2759 τῆς
1050 2686 1173 2740 Βοιωτῶν
1186 2687 1216 2741 ΙΙ
1231 2689 1272 2751 12,
1286 2689 1315 2752 3;

250 2775 293 2842 26,
315 2779 342 2841 l;
362 2778 404 2841 34,
423 2776 468 2847 4];
486 2783 537 2849 γῆς
556 2783 605 2849 τῆς
624 2785 674 2830 τῶν
686 2775 795 2830 Κελτῶν
814 2777 842 2831 Μ
855 2777 896 2832 Vb
910 2776 954 2846 Ag
966 2777 1003 2831 Pe
1015 2777 1062 2841 La,
1081 2783 1133 2848 γῆς
1144 2784 1197 2829 τῶν
1209 2774 1316 2830 Κελτῶν

251 2865 292 2920 Va
313 2865 353 2920 Lh
373 2865 435 2920 SW.
460 2865 556 2929 Diod„
580 2871 630 2938 γῆς
655 2871 705 2938 τῆς
730 2863 837 2917 Κελτῶν
863 2863 940 2929 Sch.;
966 2864 1076 2934 plurimi
1104 2865 1191 2934 igitur
1216 2864 1316 2920 codices

250 2955 379 3025 praebent
396 2970 484 3011 veram
503 2954 643 3010 lectionem
661 2960 710 3026 τῆς
729 2955 804 3009 iuxta
821 2954 917 3009 falsam
934 2959 994 3026 γῆς,
1019 2953 1048 3008 id
1066 2953 1137 3024 quod
1155 2953 1217 3010 iude
1235 2955 1316 3025 expli·

249 3047 333 3110 eatur,
353 3042 423 3113 quod
440 3043 504 3098 olim
522 3050 570 3116 τῆς
588 3042 673 3099 lineae
691 3044 897 3114 superscriptum
915 3046 973 3098 erat
991 3042 1025 3098 ad
1050 3048 1101 3114 γῆς
1119 3043 1316 3114 corrigendum)

249 3136 277 3187 et
295 3132 308 3186 1
327 3132 371 3199 33,
390 3133 416 3188 4.
435 3162 470 3171 -
488 3132 522 3187 Η.
541 3132 676 3200 Nisseuus,
701 3131 774 3188 ‘Ital
800 3130 999 3188 Laudeskunde’
1018 3133 1075 3203 lp.
1096 3134 1147 3188 183
1172 3137 1201 3189 et
1218 3133 1280 3189 adn.
1299 3135 1315 3188 3

250 3223 409 3278 Pausaniam
423 3222 437 3276 1
449 3223 504 3287 4,1
525 3222 671 3277 Eridanum
690 3220 799 3293 aliquod
816 3222 920 3287 flumen,
939 3221 1009 3292 quod
1028 3223 1055 3276 iu
1069 3238 1142 3277 mare
1160 3224 1316 3292 septentrio·

251 3311 310 3368 nale
320 3310 395 3378 fluat,
406 3311 560 3380 intellegere
569 3314 661 3381 putat;
673 3311 742 3382 quod
755 3311 915 3367 reiciendum
926 3316 975 3376 est,
988 3311 1051 3381 quia
1061 3312 1175 3382 scriptor
1185 3312 1314 3382 Ligurum

252 3400 326 3456 sodes
345 3400 462 3456 Eridano
482 3403 510 3455 et
527 3403 598 3456 terra
618 3399 720 3456 Celtica
739 3401 907 3457 determinat.

324 3488 359 3557 ²⁰)
377 3489 419 3546 (ti.
438 3488 467 3545 C.
486 3490 607 3544 Muelleri
625 3506 716 3560 geogr.
736 3489 781 3546 (ir.
799 3490 865 3547 min.
884 3489 945 3546 adu.
965 3492 999 3544 ad
1017 3507 1042 3545 v.
1062 3489 1122 3548 289.

323 3576 358 3648 ²¹)
377 3576 418 3633 Cf.
437 3577 532 3648 Polyb.
551 3578 579 3632 ll
601 3578 641 3642 16,
662 3579 675 3634 l
696 3595 744 3649 sq„
764 3579 854 3634 Strab.
871 3578 895 3633 V
915 3579 939 3644 l,
958 3579 975 3632 4
998 3576 1091 3650 διαιρεῖ
1108 3575 1131 3630 δ’
1145 3576 1207 3631 αὐτὸ
1226 3579 1273 3648 (so.
1287 3581 1315 3632 τὸ

250 3665 349 3737 πεδίον)
369 3666 447 3738 μέσον
466 3686 521 3730 πως
540 3667 554 3720 ὁ
573 3665 671 3730 Πάδος,
690 3668 735 3720 καὶ
752 3666 871 3720 καλεῖται
889 3669 918 3720 τὸ
938 3667 985 3738 μέν
1008 3667 1079 3731 ἐντος
1101 3675 1146 3721 τοῦ
1165 3666 1264 3731 Πάδου,
1286 3671 1315 3721 τὸ

251 3754 279 3807 δέ
302 3755 397 3827 πέραν·
425 3755 512 3818 ἐντὸς
534 3757 582 3824 μέν
606 3755 668 3808 ὅσον
692 3756 743 3809 ἐστὶ
771 3758 835 3829 πρὸς
858 3763 913 3820 τοῖς
935 3754 1093 3820 Ἀπεννίνοις
1122 3756 1191 3830 ’άρεοι
1214 3759 1258 3810 καὶ
1282 3765 1315 3829 τῇ

251 3843 441 3916 Λιγυστικῇ,
460 3845 539 3916 πέραν
552 3843 580 3897 δὲ
592 3846 621 3897 τὸ
634 3843 733 3899 λοιπόν.
752 3843 859 3899 οἰκεῖται
878 3844 906 3898 δέ
924 3848 953 3899 τὸ
973 3847 1019 3917 μέν
1039 3847 1087 3900 ὑπὸ
1100 3853 1150 3900 τῶν
1164 3845 1315 3917 Λιγυστι-

251 3941 316 3986 κῶν
335 3933 436 3986 έθνῶν
455 3935 568 3987 καὶτῶν
586 3932 727 3999 Κελτικῶν,
746 3941 796 3987 τῶν
815 3936 862 4004 μέν
881 3935 906 3988 έν
924 3941 978 3998 τοῖς
997 3934 1080 4007 ὄρεσιν
1099 3934 1245 3998 οἰκούντων,
1263 3944 1315 3987 τῶν

251 4022 274 4075 δ’
295 4022 322 4075 έν
344 4029 399 4085 τοῖς
417 4021 528 4085 πεδίοις·
554 4024 583 4076 τὸ
602 4021 630 4077 δέ
655 4023 703 4076 ὑπὸ
722 4031 774 4077 τῶν
798 4022 907 4077 Κελτῶν
932 4025 975 4076 καὶ
994 4022 1120 4088 Ἐνετῶν,
1144 4025 1177 4079 Η.
1197 4026 1314 4095 Kiepert.

250 4111 356 4169 ‘Lehrh
374 4111 400 4167 d.
420 4113 467 4168 alt.
487 4110 592 4184 sagr?
612 4131 636 4184 ρ.
655 4114 707 4169 398
726 4130 774 4182 sq..
791 4114 897 4168 Nissen.
916 4114 934 4168 l.
953 4131 975 4167 ο.
995 4113 1009 4166 l
1028 4131 1054 4183 p.
1072 4114 1174 4183 4'llsq.

322 4199 357 4272 ¹²)
376 4199 418 4256 Of.
436 4201 523 4257 Strab.
543 4202 586 4256 ΙΙΙ
606 4203 631 4265 4,
653 4202 693 4260 19.
