3134 4964
672 457 891 520 ..15-

316 654 382 718 lam
406 653 486 720 addo
509 654 657 719 nonnulla
679 655 826 737 exempla,
851 654 961 737 quibus
984 653 1211 721 demonstretur
1231 656 1313 722 Pau·

248 760 366 826 saniem
391 761 477 826 nulla
501 761 565 827 eius
588 761 659 840 loci,
690 781 780 845 quem
810 762 873 844 ipse
901 762 1030 842 obtinet,
1061 762 1179 829 ratione
1206 763 1312 830 habita

248 869 315 934 loca
339 887 393 951 per
414 864 486 952 ὑπὲρ
510 868 560 955 (--
576 865 731 953 ‘J'enseits’l
755 870 939 953 particulam
964 869 1132 954 designare.

316 975 361 1041 lX
386 979 436 1054 ll,
454 978 474 1042 5
505 974 698 1058 ἀποπνιγέντα
721 976 753 1039 δὲ
772 973 924 1064 ἐξήνεγκεν
940 974 956 1039 ὁ
971 977 1088 1041 κλάδων
1104 975 1135 1049 ἐς
1150 981 1201 1065 τὴν
1221 974 1312 1062 ὑπὲρ

249 1081 377 1167 Σάμου
400 1092 488 1172 νῆσον
512 1081 547 1168 (i.
565 1103 591 1148 e.
609 1083 761 1161 Icariam).
797 1103 832 1149 er
856 1084 979 1165 Thebis,
1004 1085 1041 1149 de
1065 1085 1175 1167 quibus
1198 1087 1312 1151 Pausa·

249 1189 316 1255 nias
339 1191 397 1254 hoc
420 1191 486 1256 loco
510 1190 589 1275 agit,
618 1194 655 1256 ut
678 1191 795 1258 icariae
819 1191 896 1258 situs
920 1192 964 1256 sio
987 1191 1158 1272 definiatur,
1190 1193 1312 1258 omnino

249 1296 316 1363 lieri
339 1316 398 1363 uon
422 1300 540 1382 potest;
570 1298 667 1364 immo
698 1298 723 1364 si
754 1297 828 1363 haec
858 1299 949 1364 verba
977 1318 1046 1364 curu
1069 1299 1135 1365 loco
1157 1299 1220 1365 Vll
1244 1303 1309 1376 4,]

249 1405 485 1488 comparaveris,
516 1405 751 1489 descriptionem
779 1405 845 1471 illic
867 1406 1044 1472 incohatam
1068 1407 1118 1472 hic
1140 1406 1313 1472 continuari

249 1509 426 1596 intelleges:
459 1531 530 1578 nam
553 1513 645 1580 Samo
669 1513 800 1580 Icariam
824 1512 976 1580 traicienti
1000 1513 1058 1579 soli
1081 1514 1180 1580 Icaria
1202 1515 1313 1578 ultra

250 1616 375 1684 Samum
399 1621 457 1685 est.
490 1619 572 1686 idem
588 1620 647 1686 iter
663 1623 755 1703 atque
770 1620 938 1686 Pausanias
954 1621 1016 1686 Vll
1033 1624 1063 1698 4,
1083 1623 1099 1684 1
1117 1624 1148 1685 et
1164 1622 1210 1686 IX
1229 1623 1311 1698 11,5

250 1723 361 1790 Strabo
392 1745 510 1809 quoque
539 1729 594 1792 aut
619 1728 723 1811 potius
750 1727 1015 1813 Artemidorus²⁵)
1038 1727 1128 1793 facit:
1152 1729 1228 1793 XlV
1248 1730 1312 1807 l‚5

250 1830 393 1916 Didyma,
419 1836 438 1898 6
460 1852 504 1916 sq.
526 1834 665 1914 Miletus,
689 1837 760 1902 ante
784 1855 851 1901 eam
875 1835 966 1917 Lade,
992 1836 1149 1919 Tragaeae
1173 1836 1313 1919 aliaeque

249 1937 377 2016 insulae,
410 1941 429 2004 8
453 1959 498 2024 sq.
523 1942 654 2026 Pyrrha,
678 1942 836 2020 Heraclea,
860 1945 903 2008 ,10
927 1942 1030 2026 Myus,
1058 1946 1097 2007 12
1122 1962 1166 2025 sq.
1191 1943 1312 2022 Priene,

250 2044 406 2129 Mycale
429 2066 526 2126 mons,
550 2048 707 2133 Trogilius
722 2047 970 2132 promunturium
991 2069 1061 2113 cum
1076 2048 1177 2115 insula
1193 2050 1312 2116 obiecta

250 2151 385 2218 eiusdem
409 2154 550 2237 nominis,
582 2157 623 2221 14
650 2153 709 2219 άπὸ
733 2155 765 2219 δὲ
788 2166 842 2243 τῆς
864 2153 1024 2238 Τμυγιλὶου
1048 2155 1143 2240 (quod
1166 2176 1312 2240 promun-

250 2258 368 2324 turium
398 2279 468 2344 pars
498 2265 545 2329 ast
572 2264 685 2328 montis
708 2263 857 2348 Mycales)
890 2261 1002 2326 στάδιοι
1031 2267 1242 2348 τετταράκοντα
1272 2263 1313 2337 είς

249 2368 302 2451 τὴν
329 2363 470 2452 Σάμον,
504 2371 543 2434 19
567 2374 740 2454 παράκειται
770 2369 802 2432 δὲ
832 2379 868 2454 πμ
898 2367 1010 2455 Σάμῳ
1038 2381 1129 2457 νῆσος
1152 2368 1311 2456 Ἰκαρίου.

250 2471 358 2539 deinde
381 2474 421 2539 ad
440 2494 526 2541 oram
546 2495 686 2544 reversus
706 2477 783 2542 hano
802 2495 891 2560 porro
911 2480 1073 2562 peragrat:
1098 2481 1140 2543 20
1157 2497 1222 2560 sqq.
1239 2481 1313 2562 μετὰ

251 2578 283 2642 δὲ
305 2582 353 2645 τὸν
373 2580 483 2668 Σάμιον
505 2586 641 2669 πορθμὸν
664 2586 712 2647 τὸν
728 2587 801 2669 πρὸς
815 2581 948 2668 Μυκάλῃ
970 2585 1107 2648 πλέουσιν
1129 2582 1172 2657 είς
1182 2582 1313 2674 Ἔφεσον

250 2681 279 2749 ἐν
296 2685 375 2771 δεξιᾷ
391 2685 466 2754 ἐστίν
481 2687 501 2777 ἡ
517 2686 659 2778 Ἐφεσίων
675 2691 819 2774 supultus:
840 2691 1032 2771 Panionium,
1048 2693 1196 2775 Ephesus,
1213 2696 1254 2760 27
1268 2713 1312 2776 sq.

251 2791 418 2877 Colophon,
449 2800 491 2863 29
514 2817 559 2880 sq.
587 2798 736 2879 Lebedus,
765 2799 852 2864 Teos.
881 2833 924 2848 -
952 2798 1042 2882 plane
1065 2798 1171 2865 eadem
1194 2800 1313 2866 ratione

249 2895 321 2984 ὑπὲρ
344 2903 496 2986 particula
519 2925 589 2971 curn
613 2926 675 2972 acc.
695 2908 844 2990 usurpata
864 2909 910 2972 est
930 2906 1010 2991 apud
1026 2905 1131 2991 Steph.
1149 2908 1224 2991 Byr.
1241 2926 1265 2972 s.
1282 2927 1312 2972 ν.

249 3004 505 3094 Φαμμοινιοῦσσσιιι
541 3010 583 3076 Φ.
608 3013 661 3077 diro
690 3023 773 3100 νῆσοι
802 3015 927 3100 πλησίον
957 3012 1134 3099 Σαλαμῖνος.
1173 3013 1232 3078 ἔστι
1261 3017 1313 3078 καί

249 3114 329 3204 ἄλλη
344 3114 436 3204 ὑπὲρ
452 3118 638 3207 Μίλητονι
662 3122 755 3187 etiam
771 3119 942 3204 Stephanus
959 3123 1070 3200 locum,
1086 3141 1121 3186 ex
1137 3139 1197 3204 quo
1213 3121 1312 3186 Phar-

250 3244 406 3293 macussae
430 3227 522 3293 situm
545 3227 663 3306 definit,
686 3229 841 3312 appellare
864 3228 1008 3312 neglexit.

315 3333 370 3399 III
393 3337 458 3412 2‚l
493 3332 510 3398 ὁ
538 3335 571 3399 δέ
598 3332 625 3399 οἱ
651 3339 793 3420 πρόγονος
823 3334 971 3407 Πενθίλος
993 3334 1109 3420 Λέσβον
1139 3339 1191 3423 τήν
1220 3332 1311 3421 ὑπὲρ

249 3449 316 3526 τῆς
338 3437 498 3527 ἠπείρου
521 3443 663 3530 τοιίνπης
686 3443 740 3527 (sc.
758 3439 910 3527 Αἰολίδος)
934 3453 1021 3530 νῆσον
1045 3439 1129 3506 εἷλεν.
1165 3462 1200 3507 ex
1216 3442 1311 3508 Laco·

320 3583 355 3652 ²⁵)
374 3583 470 3639 Strabo
489 3600 548 3639 cnm
561 3583 673 3640 Troadis
691 3600 763 3639 oram
781 3582 904 3655 (XIIII,
924 3584 957 3640 10
971 3584 1040 3654 sqq.)
1059 3584 1311 3653 oseptentrionibus

248 3671 281 3727 od
301 3672 437 3729 meridiem
455 3673 568 3744 explicet
586 3676 613 3728 et
631 3673 700 3728 huno
718 3672 835 3729 ordinem
861 3673 889 3727 in
907 3672 989 3742 Lycia
1006 3671 1040 3727 ab
1059 3688 1152 3727 occasu
1170 3672 1204 3727 ad
1223 3674 1311 3726 ortum

248 3759 477 3831 descripta(le
495 3764 520 3827 3,
540 3762 556 3816 2
575 3763 646 3833 sqq.)
665 3764 727 3832 apte
746 3763 889 3828 continuat,
915 3765 1054 3832 postquam
1072 3760 1189 3817 Aeolidis
1209 3763 1311 3831 partem

247 3850 391 3905 maximam
411 3851 500 3907 eodem
519 3851 609 3907 ordine
627 3868 679 3922 quo
692 3851 822 3907 Troadem
834 3855 984 3922 persecutus
996 3853 1037 3906 est
1048 3851 1131 3920 (Xlll
1146 3851 1169 3916 1,
1187 3850 1222 3904 49
1232 3852 1311 3920 sqq.)‚

248 3939 339 3996 subito
358 3941 415 3996 loca
427 3940 572 3996 marituma
590 3940 701 4010 ocyma
719 3941 753 3996 ad
766 3940 912 3996 Atarneum
930 3938 1013 4012 (XIII
1027 3941 1052 4006 3,
1066 3942 1092 4010 5)
1106 3941 1207 3995 inverso
1220 3939 1313 3995 ordino

248 4033 382 4100 percenset
399 4033 530 4086 auctorem
549 4030 689 4085 nominans
707 4029 911 4086 Artemidorum.
939 4047 991 4100 qua
1015 4030 1047 4084 de
1071 4047 1151 4086 causa
1171 4028 1234 4083 huie
1252 4046 1310 4084 eum

248 4120 329 4175 etiarn
348 4137 419 4175 orem
438 4119 557 4175 Ionicam
576 4118 652 4191 (xlv
667 4121 690 4185 l,
704 4121 720 4175 5
733 4120 802 4190 sqq.)
820 4122 848 4175 et
861 4119 980 4176 Caricam
998 4119 1075 4185 (XIV
1087 4121 1112 4186 2,
1131 4119 1228 4190 2sqq.)
1247 4120 1311 4175 itam

248 4209 391 4265 umeridie
409 4210 443 4264 ad
462 4210 653 4279 septentriones
673 4209 831 4279 descriptam
850 4209 941 4264 debere
959 4211 1014 4264 veri
1033 4209 1197 4263 simillimum
1216 4211 1265 4264 est.
