3134 4964
676 460 896 520 „59-

249 672 279 734 p.
297 654 328 729 4,
353 650 423 718 adn.
441 653 460 716 5
485 670 539 735 pro
563 650 686 717 traditis
703 651 804 716 verbis
819 647 875 715 hah
892 651 924 715 δὲ
939 654 987 717 τὸν
1003 649 1098 738 Πῆλιν
1122 651 1317 719 scribendum

249 777 314 824 esse
346 758 516 824 arbitratur
547 753 620 843 ὑπὲρ
652 757 684 821 δὲ
716 759 765 822 τὸν
796 756 907 844 Πῆλιν,
941 777 1011 824 cum
1042 757 1196 824 Coroebus
1226 778 1318 841 supra

250 865 400 931 Eioneum
424 867 456 930 et
472 865 641 930 Admetum
665 882 806 930 essenon
823 865 929 947 possit,
954 865 980 930 si
995 865 1027 930 hi
1044 865 1101 931 sub
1118 865 1224 931 Pelide
1240 866 1316 932 sint:

249 990 307 1057 ego
345 973 424 1038 hano
459 972 663 1037 mutationem
698 972 899 1037 necessariam
934 991 992 1038 non
1028 971 1137 1039 habeo.
1175 992 1246 1038 nam
1281 993 1317 1038 ex

248 1079 324 1164 ipsis
347 1078 448 1144 verbis
471 1074 542 1162 ὑπὲρ
566 1077 599 1140 δὲ
614 1073 732 1142 Ἠϊονέα
756 1100 786 1141 τε
808 1081 860 1141 καὶ
878 1075 1036 1165 Ἄδμητον
1055 1077 1202 1163 Κόροιβος
1226 1083 1258 1145 et
1282 1100 1317 1146 ex

249 1184 363 1268 plurali
393 1202 520 1249 numero
543 1184 664 1260 τοόπων,
688 1184 740 1267 qui
762 1203 867 1250 omnes
897 1188 975 1264 tres,
1004 1185 1143 1252 Pelidem
1166 1187 1317 1252 llioneum

249 1291 427 1369 Admetum,
448 1291 672 1374 complectitur,
697 1309 746 1357 me
761 1290 860 1357 iudice
880 1291 1087 1376 colligendum
1103 1294 1150 1359 est
1165 1293 1316 1358 llioneum

249 1402 280 1464 et
302 1399 471 1464 Admetum
496 1417 566 1462 oum
587 1398 689 1463 l’elide
711 1418 807 1463 unum
830 1401 1023 1485 symplegma
1045 1400 1091 1464 ita
1115 1398 1257 1478 effecisse,
1281 1402 1317 1465 ut

248 1505 331 1571 Pelis
346 1505 487 1587 paullulo
503 1503 642 1586 superior
657 1524 750 1587 quam
762 1505 873 1589 reliqui
885 1509 973 1572 esset.
991 1507 1049 1571 hoo
1061 1507 1152 1574 modo
1165 1507 1317 1589 explicata

249 1612 342 1679 verba
365 1630 384 1676 a
408 1611 560 1677 Pausania
583 1630 642 1677 non
666 1613 738 1677 sunt
761 1612 871 1677 aliena.

314 1719 345 1784 X
369 1720 459 1796 26,2
482 1721 681 1804 γεγραμμέναι
704 1717 737 1781 δὲ
760 1714 806 1782 ἐπὶ
828 1719 932 1805 κλίνης
960 1715 1045 1803 ὑπὲρ
1069 1721 1198 1792 ταότας
1227 1719 1316 1804 (Cly-

249 1843 368 1906 menen,
393 1823 550 1902 Creusam,
577 1824 821 1904 Aristomachen,
846 1824 1033 1910 Xenodinen)
1056 1823 1189 1913 Δηϊνόμη
1212 1829 1317 1890 τεκαὶ

248 1932 391 2020 Μητιόχη
419 1933 471 1996 καὶ
493 1928 596 2004 Πεῖσίς
623 1927 682 1995 ἐστι
710 1935 761 1996 καὶ
783 1930 945 2019 Κλεοδίκη.
975 1933 1121 2016 scriptor,
1151 1934 1315 2016 postquam

248 2039 366 2125 figuras
388 2038 419 2104 in
442 2038 549 2104 infima
572 2038 655 2103 linea.
676 2039 801 2104 tabulae
830 2040 930 2122 plotas
953 2040 991 2105 ab
1016 2040 1134 2105 Aethra
1157 2059 1253 2122 usque
1277 2040 1315 2104 acl

248 2147 414 2213 Nestorem
431 2145 632 2225 enumerarit,
649 2146 762 2212 transit
778 2146 817 2210 ad
834 2146 1010 2231 Clymenen,
1025 2146 1180 2226 Creusam,
1198 2147 1317 2212 Aristo-

248 2254 386 2332 machen,
411 2252 700 2336 Xenodicen,quae
723 2272 815 2336 supra
838 2253 909 2318 illas
933 2251 1063 2339 (ἄνωθεν
1086 2253 1209 2339 ιοότων)
1233 2256 1314 2334 sunt,

248 2360 357 2428 deinde
374 2379 467 2444 supra
482 2361 538 2426 has
550 2355 636 2446 (ὑπὲρ
651 2360 771 2436 ταὺιας,
788 2379 865 2443 quae
881 2361 975 2427 verba
992 2361 1157 2427 variandae
1170 2360 1316 2427 orationis

248 2488 340 2536 eausa
364 2487 418 2551 pro
442 2466 558 2533 ἄνωθεν
581 2467 688 2533 τοότων
711 2467 794 2534 dicta
817 2468 903 2554 sunt)
927 2469 1105 2547 Deinomen,
1130 2468 1315 2546 Metiochen,

249 2576 364 2656 Peisin,
388 2574 550 2642 Cleodicen
566 2576 801 2652 commemorat3
827 2595 897 2641 nam
921 2576 939 2660 ξ
956 2580 976 2642 4
1000 2575 1104 2641 oculos
1120 2594 1226 2640 rursus
1242 2593 1315 2641 oon·

248 2684 343 2750 vertit
370 2683 410 2749 ad
438 2683 554 2768 figuras
581 2683 612 2748 in
639 2682 746 2748 infima
772 2683 853 2749 linea
879 2682 1115 2768 collocatas¹²⁷).
1150 2683 1188 2748 cf.
1216 2681 1315 2748 Cehh.

248 2791 271 2856 l.
287 2810 313 2857 o.
329 2811 360 2874 p.
380 2793 431 2858 12.

315 2898 345 2963 Χ
369 2899 459 2976 29,8
482 2893 568 2980 ὑπὲρ
593 2896 708 2984 δὲτὴν
731 2893 927 2985 Ἐριφόλην
950 2893 1073 2983 ἔγραψεν
1093 2893 1262 2983 Ἐλπήνορά
1285 2918 1315 2958 τε

248 3008 300 3069 καὶ
322 3001 470 3069 Ὀδυσσέα
493 3001 657 3077 ὀκλάζοντα
680 3001 726 3068 ἐπὶ
748 3013 808 3076 τοῖς
831 3007 924 3068 ποσίν.
954 3004 1058 3068 confer
1085 3022 1162 3086 quae
1190 3003 1252 3068 diri
1279 3002 1316 3067 de

247 3112 317 3178 loco
340 3112 369 3176 X
394 3113 483 3192 29,7
508 3131 538 3193 p.
555 3113 597 3179 42
614 3132 660 3195 sq.

315 3220 346 3285 X
368 3221 421 3298 30,
438 3221 457 3285 3
482 3214 567 3304 ὑπὲρ
584 3219 616 3283 δὲ
632 3221 686 3283 τόν
703 3216 875 3305 Ἀχιλλέα
891 3217 1068 3302 Πάτροκλός
1084 3214 1157 3282 ἐστιν
1172 3214 1315 3305 ἑστηκὼς.

248 3327 412 3393 Patroclus
444 3344 514 3392 oum
544 3329 634 3393 antea
664 3326 830 3392 nominatis
860 3326 1041 3405 Antilocho,
1073 3327 1314 3408 Agamemnone,

248 3434 434 3513 Protesilao,
466 3434 588 3500 Achille
617 3453 713 3499 rrnum
743 3434 938 3519 symplegma
969 3434 1086 3516 explet,
1117 3452 1186 3498 oum
1218 3451 1316 3514 neque

249 3542 412 3609 Patroclus
443 3540 482 3608 ah
515 3541 638 3608 Achille
668 3541 765 3608 amico
796 3540 951 3625 segregari
981 3541 1117 3623 potuerit
1148 3543 1180 3605 et
1211 3542 1317 3624 postea

248 3649 410 3716 Patroclus
443 3648 597 3732 ceterique
633 3649 930 3731 comprehendantur
961 3647 1082 3714 uerbis:
1115 3643 1210 3710 oham
1240 3647 1316 3733 πλὴν

250 3765 301 3819 τοῦ
324 3753 546 3841 Ἀγαμέμνονος
570 3753 624 3819 οὐκ
646 3753 749 3842 ἔχουσι
771 3760 867 3837 γένεια
889 3751 916 3818 οἱ
938 3753 1025 3819 ἄλλοι
1049 3757 1081 3820 et
1102 3759 1261 3837 γέγραπται
1284 3753 1316 3816 δὲ

248 3859 321 3946 ὑπὲρ
352 3860 480 3935 αὐτοὺς
511 3860 625 3934 Φῶκός
657 3885 688 3927 τε
720 3900 763 3910 -
794 3866 845 3926 ’καὶ
868 3859 991 3934 Ἰασεὺς.
1022 3862 1125 3945 itaque
1154 3861 1316 3927 Patroclus

328 4020 375 4091 127)
394 4019 463 4074 Κατ’
484 4019 551 4074 εὐθὺ
571 4019 599 4073 δὲ
612 4027 658 4073 τοῦ
670 4018 749 4074 ἵππου
763 4028 808 4073 τοῦ
823 4023 892 4092 παρὰ
910 4026 946 4090 τῷ
959 4019 1070 4091 Νέστορι
1088 4019 1253 4089 l‘goradeaus
1266 4037 1316 4074 von

249 4112 310 4167 dem
323 4109 438 4177 Plordo',
458 4113 477 4166 i.
490 4127 512 4166 o.
533 4111 561 4165 in
580 4109 671 4165 eadem
689 4110 760 4166 linea
779 4114 861 4181 atquo
880 4126 974 4180 equum
998 4110 1031 4165 cl.
1051 4108 1134 4167 Gebh.
1154 4109 1172 4164 1.
1192 4126 1213 4164 c.
1232 4127 1257 4179 p.
1272 4110 1315 4176 14)

247 4198 435 4274 Νεοπτόλεμος
453 4198 604 4262 ἀπεκτονώς
623 4199 688 4252 ἐστιν
707 4197 834 4251 Ἔλασον.
