3134 4964
770 426 991 487 ..58-

413 594 443 659 Χ
464 595 549 672 25,5
566 595 699 680 κάθηται
716 592 748 655 δέ
763 589 847 676 ὑπὲρ
864 597 923 679 τὴν
939 589 1088 679 Ἑλένην
1108 630 1144 638 -
1164 590 1237 680 ἀνηρ
1251 591 1414 679 (Helenus)

348 739 400 764 -.
424 701 548 787 πλησίον
571 700 603 763 δέ
626 708 676 763 τοῦ
699 696 819 764 Ἑλένου
843 697 947 785 Μέγης
970 697 1031 762 eae
1055 737 1107 762 —.
1131 703 1292 784 γέγραπται
1316 699 1415 763 δὲκαὶ

347 806 534 895 Λυκομήδης
545 809 626 890 παρὰ
642 809 690 870 τδν
706 804 830 894 Μέγητα
848 845 899 870 -.
921 813 1057 890 τέτρωται
1074 805 1106 868 δέ
1122 809 1174 869 καὶ
1189 802 1344 889 Εδρὺαλος
1361 844 1414 870 -.

347 911 424 978 οὗτοι
447 918 499 1000 μέν
522 915 559 1001 δη
583 913 718 998 ἀνωτέρω
742 924 796 1001 της
819 911 942 1001 Ἑλένης
965 911 1034 977 εἰσὶν
1057 911 1086 977 έν
1109 923 1145 999 τῇ
1169 923 1279 1001 γραφῇ·
1308 911 1415 1002 ἐφεξῆς

349 1022 380 1085 δέ
403 1018 562 1107 τηἙλένη
586 1022 704 1087 Aethra
723 1025 755 1087 et
772 1021 952 1104 Demophon
976 1024 1056 1086 sunt.
1080 1021 1155 1086 haec
1178 1021 1272 1087 verba
1294 1039 1415 1086 omnem

347 1128 572 1194 dubitationem
596 1129 725 1207 tollunt,
756 1148 834 1211 quae
857 1125 927 1211 ὑπέρ
951 1127 1190 1212 praepositionis
1218 1129 1269 1193 hic
1292 1128 1334 1193 sit
1357 1128 1414 1193 vis.

348 1235 493 1314 Helenae,
517 1235 633 1320 Meges,
658 1235 855 1320 Lycomedes,
881 1235 1034 1320 Euryalus
1057 1237 1129 1301 sunt
1145 1253 1237 1318 supra
1255 1235 1414 1310 Helenam,

347 1345 368 1410 i.
394 1362 420 1410 e.
444 1343 579 1408 Helenae
602 1343 804 1428 symplegma,
829 1343 918 1425 picti;
943 1363 1014 1407 nam
1038 1339 1201 1426 cum‘haep
1225 1346 1277 1429 rip
1293 1339 1414 1429 Ἑλένην

346 1453 503 1534 repetatur
540 1450 693 1516 vocabulis
724 1449 858 1534 ἀνωτέρω
892 1459 945 1537 της
974 1447 1112 1539 Ἑλένης,
1143 1452 1223 1517 inter
1253 1454 1415 1533 utramque

346 1558 533 1624 locutionem
549 1557 626 1623 nihil
642 1559 746 1640 potest
760 1557 945 1622 discriminis
962 1577 1036 1623 esse.
1055 1558 1138 1624 notio
1152 1561 1256 1624 antem
1271 1553 1415 1640 ‘jenseits’

347 1665 469 1731 exclusa
491 1667 538 1730 est
559 1668 731 1747 propterea,
756 1664 828 1746 quia
851 1665 882 1729 in
907 1663 1014 1730 eadem
1038 1665 1128 1746 linea,
1154 1665 1187 1730 in
1211 1683 1271 1747 qua
1287 1664 1414 1742 Helena,

348 1773 400 1858 (ab
425 1772 523 1839 altera
545 1771 681 1837 Helenae
708 1773 809 1857 parte)
841 1770 958 1836 Aethra
987 1775 1018 1836 et
1042 1772 1224 1854 Demophon
1248 1773 1344 1838 stant.
1376 1771 1414 1836 cl.

348 1879 446 1945 Gehh.
471 1881 494 1944 l.
518 1899 544 1945 c.
569 1883 697 1962 p.9sq.

415 1987 590 2065 Pausanias,
607 1989 770 2070 postquam
786 1985 946 2065 laodicae,
964 1985 1053 2065 labri,
1067 1986 1223 2067 Medusae,
1240 2006 1326 2066 anne,
1339 2005 1415 2068 quae

232 2150 234 2154 .
348 2094 467 2178 figurae
489 2095 519 2158 in
543 2093 650 2160 infimo
673 2093 800 2158 tabulae
823 2092 928 2158 ordine
945 2095 1042 2171 erant,
1067 2093 1255 2159 mentionem
1272 2093 1355 2173 feeit,
1373 2093 1416 2158 sic

349 2202 451 2286 pergit
474 2202 504 2265 X
528 2204 580 2279 27,
599 2204 631 2266 1:
655 2203 751 2286 νεκροὶ
775 2200 816 2276 δέ,
841 2197 925 2285 ὁμέν
943 2202 1053 2285 γυμνὸς
1068 2199 1166 2289 Πηλις
1189 2199 1283 2287 ὄνομα
1307 2198 1353 2263 ἐπὶ
1368 2202 1415 2263 τδν

348 2311 436 2373 νῶτόν
459 2304 533 2370 ἐστιν
556 2304 736 2392 ἐρριμμένος,
765 2301 821 2370 ἀπὸ
850 2306 882 2369 δὲ
909 2309 957 2370 τὸν
985 2305 1080 2394 Πηλιν
1106 2303 1237 2379 Ἠϊονεὺς
1266 2330 1296 2370 τε
1323 2316 1417 2370 νεῖται

348 2417 398 2476 καὶ
417 2411 577 2499 γΑδμητος
602 2451 653 2476 --.
686 2412 773 2477 ἄλλοι
803 2412 835 2475 δέ
865 2411 1000 2497 ἀνωτέρω
1032 2416 1147 2488 τοδτων,
1179 2409 1264 2497 δτέρ
1297 2417 1349 2499 μέν
1379 2415 1415 2475 τὸ

348 2522 537 2607 λοοτηριον
570 2518 741 2604 Λεώκριτός
771 2517 845 2583 ἐστιν
875 2558 931 2596 -,
963 2516 1047 2605 ὑπὲρ
1080 2520 1112 2583 δέ
1135 2519 1278 2585 Ἠϊονέα
1306 2543 1336 2584 τε
1366 2522 1416 2582 καὶ

346 2624 530 2714 Ἄδμητον
553 2625 709 2712 Κόροιβος.
738 2631 804 2693 iure
828 2626 912 2706 SW,
936 2627 1017 2707 Son,
1041 2627 1095 2692 alii
1118 2625 1190 2710 ὑπὲρ
1215 2631 1266 2713 μέν
1290 2630 1322 2690 τὸ
1345 2627 1416 2691 λοο-

348 2740 445 2821 τηριον
469 2737 662 2817 receperunt3
695 2735 831 2818 primum
863 2735 942 2800 enim
969 2735 1043 2800 haec
1066 2735 1157 2800 lectio
1181 2734 1213 2798 in
1236 2734 1416 2801 melioribus

349 2842 504 2907 codicibus
527 2843 571 2907 Pc
594 2841 645 2925 Ag
668 2841 701 2905 M
724 2842 770 2906 Lb
795 2840 978 2928 exstat¹²⁰),
1011 2842 1119 2908 deinde
1148 2841 1302 2926 generalis
1331 2841 1415 2906 notio

351 2947 438 3012 ἄλλοι
461 2948 493 3011 δέ
517 2946 651 3034 ἀνωτέρω
675 2950 792 3024 τοὺτων,
824 2967 885 3030 qua
908 2951 1066 3032 sequentes
1089 2949 1205 3034 figuras
1228 2949 1416 3032 superiorem

349 3057 452 3121 locum
475 3058 578 3121 tenere
601 3075 694 3138 quam
711 3057 922 3122 antecedentes
938 3056 1098 3141 (Pelidem,
1116 3057 1276 3137 Eioneum,
1302 3055 1416 3121 Adme-

349 3164 429 3248 tum)
454 3162 662 3247 significatur,
693 3181 752 3227 non
780 3163 812 3227 in
835 3160 891 3227 ἀπὸ
914 3166 966 3248 μὲν
990 3166 1021 3227 τ“ο
1044 3162 1198 3250 λουτήριον
1224 3201 1261 3211 -
1288 3161 1359 3247 ὑπὲρ
1384 3161 1417 3224 δὲ

349 3266 466 3333 Ἠϊονέα
490 3292 520 3332 τε
543 3272 594 3332 καὶ
614 3267 771 3357 νΑδμητον
794 3270 918 3336 dissolvi
942 3273 1059 3353 potest,
1091 3290 1161 3336 eum
1185 3275 1216 3336 et
1239 3272 1361 3337 labrum
1385 3273 1416 3337 et

349 3376 433 3441 Pelis
457 3378 488 3441 in
512 3377 618 3441 infima
640 3377 764 3443 tabulae
787 3378 867 3443 linea
889 3377 972 3460 pieta
991 3377 1116 3455 fuerint,
1141 3377 1246 3443 sedin
1269 3373 1341 3462 ὑπὲρ
1364 3381 1416 3463 μέν

351 3520 392 3530 -
404 3478 476 3567 ὑπὲρ
490 3483 531 3546 δέ.
549 3484 807 3566 praepositionem
820 3487 923 3549 autem
936 3486 1015 3549 hano
1028 3503 1096 3549 cum
1110 3503 1208 3549 accus.
1222 3486 1416 3550 coniunctam

351 3609 369 3654 a
385 3591 539 3656 Pausania
555 3591 662 3656 eadem
678 3591 707 3655 vi
725 3591 875 3674 usurpari,
892 3610 952 3674 qua
968 3588 1112 3673 ἀνωτέρω,
1136 3592 1311 3675 exemplum
1330 3595 1417 3657 ante·

350 3697 458 3763 cedens
482 3699 512 3763 X
536 3702 589 3776 25,
609 3704 627 3764 5
652 3698 741 3764 docet
756 3699 975 3780 confirmatque
991 3698 1181 3764 describendi
1197 3699 1278 3765 ratio
1298 3699 1336 3765 ab
1353 3701 1415 3764 imo

351 3805 388 3868 ad
413 3824 566 3870 summum
590 3806 755 3888 procedens
779 3805 812 3892 (ᾖ
833 3809 848 3870 l
867 3804 1001 3891 ἀνωτέρω
1023 3807 1140 3882 τοδτων,
1166 3809 1183 3888 ξ
1203 3809 1222 3871 2
1247 3803 1345 3870 ἐπάνω
1367 3814 1416 3869 τοῦ

354 3909 525 3998 Κοροίβου).
551 3913 589 3978 cf.
607 3913 706 3980 Gebh.
724 3915 745 3977 l.
763 3913 784 3976 l.
808 3934 838 3996 p.
859 3916 908 3980 15.
933 3916 1068 3978 ceterum
1086 3913 1165 3996 qrrod
1181 3913 1230 3978 hie
1247 3913 1292 3976 vir
1311 3912 1418 3977 doctus

353 4067 565 4079 -—-——.--

423 4161 682 4233 Qmffim
