3134 4964
677 461 897 523 ..35-

259 653 402 720 editionis
431 672 504 720 suae
526 653 625 719 indice
648 674 673 721 s.
697 673 727 720 v.
750 654 921 740 Pergamus
943 651 1046 738 ‘supra
1069 653 1205 723 Caicum’
1226 656 1322 725 inter·

256 763 396 842 prelatus
412 760 463 827 sit.
479 756 539 826 ‘am
551 757 682 826 Kailms'
697 760 863 846 indiligens
878 761 1033 829 conversio
1049 765 1106 828 est.
1122 764 1202 847 quod
1217 767 1322 831 autem

256 864 391 951 ‘Jonseits
404 867 457 933 des
468 863 600 933 Kaikus’
612 867 754 947 vertitur,
770 868 802 935 id
814 871 883 936 tum
899 868 1024 935 demum
1039 871 1121 937 recte
1137 889 1169 938 se
1184 871 1321 952 haberet,

256 975 282 1039 si
304 975 476 1060 periegeta‚
504 974 537 1040 id
561 975 642 1058 quod
666 995 724 1043 non
748 976 838 1054 fecit,
870 976 1014 1062 Pergami
1036 977 1132 1043 situm
1155 978 1194 1043 ab
1225 978 1322 1046 altera

255 1080 338 1147 Caici
362 1082 429 1166 ripa
452 1083 678 1166 contemplatus
700 1083 860 1150 indicaret.
891 1083 967 1150 item
990 1085 1021 1150 in
1049 1102 1152 1154 errore
1178 1087 1321 1153 versatur

255 1189 415 1273 Ruegerus
438 1190 459 1254 l.
484 1190 506 1255 1.
531 1211 561 1275 p.
579 1191 632 1271 50,
657 1189 710 1272 qui
737 1194 769 1256 et
790 1190 841 1256 hio
869 1192 901 1257 et
929 1191 999 1257 aliis
1027 1192 1103 1258 locis
1131 1188 1202 1276 ὑπὲρ
1232 1211 1321 1277 prae-

253 1295 398 1378 positioni
427 1296 583 1363 notionem
606 1292 762 1364 ‘nordlioh’
791 1297 960 1364 subiectam
983 1314 1055 1366 ‘esse
1084 1301 1191 1382 putat;
1223 1319 1321 1383 nequo

253 1402 334 1467 onim
357 1402 519 1486 quicquam
541 1405 621 1487 apud
645 1403 825 1489 scriptorem
848 1403 1014 1484 invenitur,
1038 1424 1074 1471 ex
1093 1424 1153 1488 quo
1176 1405 1318 1472 concludi

252 1508 350 1591 possit
372 1528 442 1575 eum
463 1510 571 1577 tabula
592 1512 800 1597 geographica
828 1531 846 1577 a
869 1510 998 1578 meridie
1027 1512 1066 1577 ad
1095 1513 1318 1595 septentriones

255 1636 359 1684 versus
383 1616 502 1683 derecta
526 1637 615 1684 usum
638 1637 712 1686 esse.
743 1638 815 1685 nam
838 1619 918 1702 quod
941 1618 1087 1704 Pergami
1109 1620 1187 1687 situs
1210 1639 1229 1686 a
1251 1620 1320 1704 ripa

253 1723 335 1790 Caici
358 1724 494 1790 fluminis
516 1723 546 1790 in
571 1726 792 1809 septentriones
815 1726 982 1811 spectantis
1004 1745 1075 1792 cum
1098 1726 1232 1810 Ruegeri
1251 1746 1320 1795 sen·

253 1831 351 1898 tentia
374 1831 526 1916 congruit,
556 1832 589 1897 id
613 1832 670 1899 soli
693 1833 778 1898 casui
801 1834 999 1900 tribuendum
1023 1836 1087 1911 est3
1117 1833 1148 1898 id
1179 1833 1260 1917 quod
1284 1853 1319 1900 ex

252 1938 326 2005 locis
350 1939 435 2004 velut
458 1938 504 2004 IX
521 1940 610 2019 22‚6
638 1936 668 2003 ἐν
690 1937 785 2024 Νάξῳ
807 1951 844 2025 τῇ
866 1937 952 2025 ὑπὲρ
976 1938 1098 2023 Πάρου
1125 1944 1243 2026 κειμένῃ
1271 1941 1318 2006 in·

252 2045 422 2130 tellegitur‚
436 2045 489 2110 ubi
501 2046 608 2112 eodem
619 2046 686 2112 iure
698 2043 818 2112 ‘ostlich
831 2065 889 2112 von
902 2045 1006 2114 Paros’
1018 2049 1135 2113 vertere
1147 2066 1318 2131 possumus,

251 2154 278 2218 si
300 2152 441 2217 tabulam
468 2152 707 2236 geographioam
742 2153 780 2219 ab
811 2172 918 2221 occasu
948 2153 988 2220 ad
1017 2156 1120 2221 ortum
1150 2155 1196 2220 ita
1224 2154 1318 2221 fuisse

250 2259 404 2325 derectam
428 2259 608 2337 statuimus,
638 2261 676 2326 ut
699 2263 785 2326 ortus
808 2279 900 2342 supra
923 2263 954 2328 et
977 2278 1101 2327 occasus
1124 2261 1204 2327 infra
1226 2266 1316 2328 esset.

251 2365 347 2430 immo
369 2365 471 2448 potius
494 2385 613 2449 supra
635 2363 832 2454 (eberhalb)
857 2367 982 2435 Caicum
1007 2368 1129 2447 fiumen,
1153 2368 1175 2434 i.
1191 2387 1217 2434 e.
1234 2368 1318 2435 Caici

251 2472 383 2551 vallem,
418 2473 588 2558 Pergamus
619 2473 679 2540 sita
709 2477 776 2540 erat
807 2473 839 2539 in
872 2475 1030 2541 cacumine
1064 2476 1096 2541 et
1127 2475 1166 2541 ad
1200 2474 1317 2543 radices

251 2580 373 2660 montis,
397 2580 450 2662 qui
473 2580 636 2647 ePindaso
659 2583 765 2648 monte
788 2582 828 2647 ad
850 2581 1008 2648 meridiem
1023 2582 1054 2647 in
1071 2581 1156 2649 Caici
1172 2601 1316 2674 campum

251 2685 413 2770 procurrit.
435 2686 474 2755 cf.
488 2686 613 2755 Curtius
628 2683 785 2772 ‘Beitrage
801 2709 827 2756 a.
841 2687 951 2754 Gesch.
968 2709 998 2756 u.
1012 2690 1146 2774 Topogr.
1159 2685 1317 2770 Kleinas.'‚

252 2971 349 3025 proque
362 2952 506 3010 Γονόεοοαν
518 2953 712 3009 restituendum
726 2970 782 3009 esse
792 2953 936 3007 Δονόεοοαν
950 2955 1059 3010 censuit.
1074 2953 1105 3012 cf.
1117 2955 1196 3012 Paos.
1206 2954 1236 3009 II
1246 2953 1288 3022 25,
1300 2958 1316 3011 5

250 3041 360 3114 Ὀρνεὰς
380 3041 406 3094 δέ
424 3074 468 3110 -,
488 3042 573 3114 ὥσπερ
587 3049 622 3113 τῷ
636 3043 706 3115 τόπῳ
721 3049 770 3117 τῆς
788 3041 913 3116 Ἀργείας
937 3041 1045 3108 ἔκειντο,
1065 3043 1134 3096 οὕτω
1153 3043 1197 3096 καὶ
1216 3043 1242 3096 ἐν
1261 3049 1316 3107 τοῖς

250 3130 319 3185 ἔπεσι
337 3132 462 3205 προτέρας
480 3130 500 3203 ἢ
519 3130 652 3185 Φλιοῦντά
670 3151 697 3185 τε
716 3132 762 3202 (=
772 3131 965 3205 Ἀραιθυρέαν)
983 3133 1026 3185 καὶ
1043 3131 1163 3186 Σικυῶνα
1181 3131 1317 3197 raritates

249 3223 299 3290 (sc.
317 3219 454 3294 ”()μηρος)
480 3223 560 3277 =ll.
579 3222 609 3277 II
627 3223 677 3279 571
697 3240 736 3292 sq.
754 3220 874 3294 Ὀρνειάς
901 3221 923 3275 τ’
948 3221 1065 3294 ἐνέμοντο
1088 3220 1270 3295 Ἀραιθυρέην
1292 3221 1315 3276 τ’

250 3310 382 3384 ἐρατεινὴν
401 3311 444 3363 καὶ
462 3309 581 3364 Σικυῶν’.
601 3312 667 3369 itern
686 3315 788 3384 septem
808 3311 894 3378 urbes,
914 3329 980 3382 quas
999 3312 1162 3383 Agamemno
1180 3311 1315 3368 reconcili-

250 3401 349 3455 ationis
369 3417 447 3456 cansa
466 3417 494 3456 se
512 3401 613 3457 Achilli
631 3401 758 3457 daturum
777 3401 916 3473 pollicetur
935 3402 978 3470 (11.
997 3401 1037 3455 IX
1058 3400 1109 3456 150
1126 3401 1206 3470 sqq.)‚
1226 3417 1316 3456 secun·

249 3491 312 3546 dnm
327 3491 488 3547 Pausaniam
501 3492 590 3548 eodem
604 3493 682 3564 plane
700 3493 791 3548 ordine
809 3509 837 3547 se
854 3491 997 3562 excipiunt,
1016 3507 1068 3560 quo
1086 3489 1155 3560 apud
1169 3489 1315 3545 Homerum

250 3581 342 3649 (Paos.
360 3580 405 3635 111
423 3581 510 3646 26,7;
529 3581 603 3647 26,8
622 3582 762 3647 lveo,1;
781 3581 869 3647 30,2;
888 3581 931 3646 31,
947 3580 975 3647 1;
994 3580 1081 3646 er,5;
1101 3580 1187 3645 35,1;
1211 3579 1244 3635 cf.
1262 3579 1316 3635 Hu-

250 3670 341 3725 manni
361 3668 467 3739 ‘Geogn
480 3670 650 3728 Homcrstnd.
663 3672 682 3726 i.
695 3669 792 3737 Paus.’,
813 3670 941 3726 Fleckeis.
953 3669 1045 3749 Jahrb.
1060 3668 1128 3724 1884
1141 3687 1168 3739 p.
1181 3668 1235 3725 498
1248 3669 1314 3739 sq.);

249 3760 333 3814 veluti
353 3759 488 3830 periegeta
505 3759 543 3813 1v
556 3762 599 3825 31,
616 3762 628 3815 l
652 3759 810 3816 tacheam
830 3759 999 3814 Homericam
1017 3758 1127 3814 eandem
1143 3760 1223 3829 putat
1235 3760 1316 3829 atque

249 3849 385 3914 Phariam,
406 3865 464 3903 corn
484 3847 579 3903 Strabo
598 3848 667 3904 VIII
686 3849 742 3915 4,5
761 3849 793 3918 (i.
807 3865 828 3903 e.
841 3847 1028 3920 Apollodorum
1048 3848 1082 3903 ci.
1100 3847 1231 3904 Eomann.
1249 3847 1268 3903 1.
1280 3845 1315 3918 c.)

248 3941 340 3994 contra
366 3935 440 3991 nulla
460 3934 591 3992 Homerici
616 3936 718 3992 ordinis
740 3937 848 4001 ratione
872 3936 968 3993 habita
990 3937 1128 4010 Aepeam
1146 3935 1315 3992 Homericam

247 4030 354 4098 proptor
372 4027 546 4098 principalem
565 4027 680 4082 nominis
699 4027 834 4082 notionem
854 4026 1007 4082 recentioris
1020 4026 1136 4082 Thuriae
1148 4025 1206 4081 leco
1218 4027 1313 4096 ponat:

247 4115 267 4189 ἡ
288 4114 310 4167 δ’
325 4113 421 4168 Αἴπεια
439 4122 483 4168 νῦν
497 4113 596 4188 denota
615 4113 741 4174 καλεῖται.
763 4142 793 4153 -
811 4113 912 4188 ἵδρυται
932 4113 955 4167 δ’
975 4114 1016 4168 ἐπὶ
1033 4112 1118 4186 λόφου
1137 4112 1252 4186 ὑψηλοῦ,
1266 4111 1313 4187 ἆρ’

249 4198 280 4257 οἷ)
299 4205 343 4258 aad
361 4201 484 4275 τοῦνομα.

1015 4278 1135 4364 ‘e-
