3134 4964
735 447 955 512 „43-

487 646 524 712 B.
547 644 634 710 locus
657 642 848 720 describitur,
872 658 1075 725 superquam
1103 638 1220 724 aliquid
1248 641 1378 705 enten-

549 751 668 817 ditur.
697 748 883 834 praepositio
905 747 1054 814 vertenda
1077 750 1124 813 est
1146 746 1250 814 nostro
1274 741 1378 811 ‘dher

552 897 590 907 —
608 854 694 923 hin'.
717 857 845 923 verbum
869 859 915 923 est
936 855 1120 922 mouendi:

549 962 625 1050 ρεῖντ
650 965 682 1029 ll
706 966 757 1046 17,
775 968 807 1031 2.

721 1145 967 1229 Exemplum.

382 1309 414 1373 11
439 1310 527 1387 17‚2
552 1306 568 1396 6
592 1309 624 1372 δὲ
640 1305 796 1391 Ἀστερίων
812 1304 985 1392 obsaepiunt
1008 1303 1094 1391 ὑπὲρ
1118 1310 1156 1371 rb
1178 1303 1325 1391 Ἡραῖον
1348 1301 1379 1376 ἐς

315 1420 453 1504 φάραγγα
485 1413 628 1479 ἐσπίπτων
661 1413 836 1502 ἀφανίζεται.
872 1414 915 1479 sic
947 1435 1016 1479 cum
1048 1415 1218 1481 Scbubarto
1251 1413 1379 1496 aliisque

315 1523 483 1590 editoribus
506 1523 670 1588 secundum
695 1522 880 1606 scripturam
908 1521 1070 1587 meliorum
1101 1521 1239 1587 codicum
1262 1521 1306 1586 Po
1329 1522 1380 1604 Ag

315 1631 361 1695 Lb
384 1631 549 1714 legendum
572 1631 627 1709 est,
652 1648 711 1695 non
734 1627 789 1693 ὑπὸ
812 1632 845 1693 τὸ
861 1626 920 1703 Ἡ.,
944 1628 1027 1712 quod
1043 1629 1154 1712 reliqui
1170 1628 1252 1713 (Veb
1269 1629 1303 1694 M
1320 1627 1378 1713 La)

315 1737 468 1804 exhibent.
493 1755 552 1803 non
569 1739 677 1804 trans
692 1736 818 1803 lunonis
833 1736 998 1818 templum,
1023 1737 1076 1802 sed
1092 1755 1211 1819 supra
1233 1734 1265 1800 id
1282 1732 1380 1818 (tiber

315 1845 385 1909 dem
408 1844 516 1928 Temp.
539 1839 613 1928 hin')
636 1843 828 1909 Asterionem
853 1862 975 1909 amnem
998 1843 1092 1908 fluere
1114 1842 1190 1909 dicit
1213 1844 1379 1926 periegeta

315 1951 378 2034 qui,
401 1953 437 2016 ut
460 1970 476 2016 e
498 1949 598 2016 verbis
613 1949 863 2033 praecedentibus
878 1953 930 2014 καί
946 1947 1004 2014 ἀπὸ
1020 1952 1072 2035 μὲν
1095 1947 1241 2035 Ἀκραίας
1263 1952 1294 2012 τὸ
1311 1947 1380 2033 ὅρος

315 2059 440 2122 καλοῦσι
461 2060 494 2121 τὸ
518 2055 716 2143 ἀπαντικρὺ
739 2065 798 2120 rob
820 2053 985 2141 Ἡραίου,
1014 2055 1072 2120 ἀπὸ
1101 2057 1133 2120 δὲ
1156 2053 1284 2139 Εὖβοίας
1311 2053 1380 2119 ὅσον

315 2168 394 2249 περὶ
417 2167 453 2228 τὸ
477 2161 589 2250 ἱερόν,
618 2162 794 2250 Πρόσυμναν
822 2165 855 2227 δὲ
883 2168 934 2250 τὴν
958 2160 1021 2227 ὑπὸ
1044 2167 1081 2227 τὸ
1104 2160 1251 2247 Ἡραῖον
1278 2166 1380 2250 χώραν

315 2273 524 2358 intellegitur,
556 2272 693 2337 omnium
717 2273 828 2337 harum
852 2272 1013 2357 regionum
1036 2271 1131 2338 situm
1163 2291 1222 2337 non
1254 2291 1288 2338 ex
1312 2271 1380 2337 loco

316 2380 418 2463 aliquo
442 2379 519 2445 citra
543 2378 668 2445 lunonis
699 2379 851 2462 templum
879 2378 994 2461 posito,
1025 2379 1078 2445 scd
1108 2398 1143 2444 ex
1172 2378 1239 2462 ipso
1266 2379 1381 2462 templo

316 2487 469 2554 describit.
494 2487 554 2551 huc
577 2485 704 2565 accedit,
728 2485 808 2570 quod
832 2484 983 2553 Steffenus
1006 2488 1038 2551 et
1060 2485 1233 2570 Lollingius
1257 2503 1380 2550 cursum

315 2593 487 2660 Asterionis
510 2593 701 2671 invenerunt,
733 2593 785 2676 qui
807 2592 890 2658 inter
913 2593 993 2659 altos
1016 2596 1136 2660 montes
1160 2613 1178 2658 a
1201 2594 1319 2677 templo
1343 2591 1382 2657 ad

317 2701 494 2786 aquilonem
516 2718 678 2767 conversos
702 2703 788 2765 ortus
812 2700 906 2766 etiarn
922 2699 1013 2766 hodie
1028 2700 1059 2765 in
1075 2701 1186 2781 fauces,
1211 2719 1286 2784 quas
1302 2719 1382 2765 nunc

317 2807 500 2893 Κλεισοῦραν
523 2809 643 2886 vocant,
667 2807 790 2891 proruit
809 2811 841 2874 et
863 2807 894 2873 in
918 2807 1004 2874 alveo
1021 2807 1174 2891 lapidibus
1190 2807 1290 2874 obsito
1315 2807 1383 2873 abs-

320 2917 472 2996 conditur,
496 2936 567 2983 cum
590 2915 742 2998 templum
765 2915 797 2980 in
820 2915 963 2982 inleriore
987 2915 1128 2982 Euboeae
1155 2915 1268 2981 montis
1297 2917 1383 2999 parte

319 3023 452 3109 margini
475 3021 616 3106 planitiei
639 3021 776 3107 Argivae
800 3022 949 3088 adiacent.
980 3023 1018 3089 cf.
1035 3018 1164 3088 ‘Karten
1180 3043 1209 3088 ν.
1226 3020 1382 3106 Mykenai,

320 3130 507 3198 erlauternd.
531 3126 618 3196 'lert’
641 3150 671 3214 p.
688 3130 731 3195 40
746 3147 792 3213 sq.

376 3327 418 3391 Il.
442 3323 530 3410 Ὑπὲρ
553 3325 707 3409 particula
722 3344 794 3391 cum
809 3325 982 3394 accusativo
997 3325 1139 3409 copulata
1161 3324 1242 3391 loci
1264 3325 1385 3391 situm

441 3433 582 3517 explicat.

490 3541 529 3608 A.
551 3541 613 3606 loci
635 3540 706 3607 linis
729 3538 938 3624 significatur,
969 3542 1055 3607 trans
1085 3561 1175 3625 quem
1196 3543 1300 3608 motus
1321 3542 1384 3606 iam

521 3660 524 3665 ’
556 3650 747 3731 peractus
770 3652 828 3715 est
850 3648 905 3729 ita,
930 3651 965 3714 ut
988 3648 1026 3714 ab
1050 3649 1150 3716 altera
1164 3651 1252 3733 parte
1268 3647 1385 3732 aliquid

557 3755 677 3820 situm
703 3774 782 3822 esse
804 3755 934 3822 dicatur.
966 3759 1069 3823 nostro
1096 3775 1235 3823 sermone
1257 3755 1386 3822 dicimus

555 3859 660 3927 ‘tiber
676 3901 716 3910 —
738 3858 900 3928 drdben’
924 3863 972 3928 vel
994 3859 1193 3948 ‘jenseits'.
1217 3864 1310 3930 verba
1333 3863 1386 3928 ad-

555 3969 660 4037 iuncta
683 3973 754 4037 sunt
777 3970 1004 4053 quiescendi:

556 4073 657 4142 οίκεῐνε
681 4077 757 4156 Vr,
775 4079 811 4155 73
835 4078 963 4144 verbum
986 4077 1159 4161 quiescendi
1182 4078 1386 4163 supplendum

557 4188 620 4251 est:
645 4185 661 4248 Ι
687 4186 776 4263 lna
800 4184 830 4250 X
855 4187 884 4266 1,
902 4187 933 4251 2.
