3134 4964
669 479 890 537 ..77-

247 669 293 733 est
316 671 430 746 autem,
460 668 580 734 utiam
604 686 697 752 supra
724 667 866 749 diximus,
897 667 962 733 eius
993 667 1037 733 rei
1067 687 1159 734 causa
1188 667 1312 733 6111161-

247 793 334 841 verso
363 774 418 839 illo
449 773 552 839 studio
582 774 762 857 repetenda,
794 793 853 857 quo
886 775 938 856 qui
968 774 1091 858 lingua,
1123 793 1201 857 quae
1230 780 1313 861 κοινή

247 884 384 961 16661111,
415 882 547 947 utuntur
576 881 766 963 provinciam
796 884 947 964 aquarto
971 900 1043 946 casu
1066 880 1314 947 administratam

247 1008 317 1055 cum
341 988 477 1072 genetivi
500 990 532 1054 at
555 987 651 1054 dativi
668 988 780 1054 damno
796 988 984 1071 amplificare
1001 991 1092 1071 atque
1108 1006 1220 1073 augere
1243 1006 1315 1053 con·

248 1096 423 1163 sueverunt.
458 1095 683 1179 significatione
706 1091 845 1179 ‘jenseitd
874 1091 945 1180 ὑπὲρ
975 1115 1046 1161 cum
1075 1095 1216 1179 genetivo
1244 1114 1315 1162 con·

247 1202 389 1284 iungitur
406 1201 584 1284 tredeciens‚
609 1202 947 1280 6111666611661116161;
971 1204 1076 1268 eontra
1092 1201 1314 1287 significatione

247 1305 413 1375 ‘oberhalb’
436 1328 506 1374 cum
537 1311 680 1393 genetivo
711 1310 867 1394 sexagiens
890 1309 1016 1388 octiens,
1048 1328 1117 1375 cum
1141 1309 1315 1376 accusativo

248 1416 407 1500 sexagiens
423 1418 481 1495 ter,
505 1416 550 1481 ita
565 1418 610 1495 111,
635 1436 704 1482 cum
721 1416 786 1482 illic
801 1416 937 1500 genetivi
953 1415 1093 1499 exempla
1108 1417 1208 1482 multo
1223 1415 1315 1499 plura

248 1523 311 1587 sint
325 1542 418 1606 quam
434 1524 609 1604 accusativi,
636 1524 686 1589 hic
709 1523 867 1607 utriusque
883 1543 970 1591 casus
993 1525 1203 1606 exemplorum
1221 1543 1315 1607 paene

248 1648 303 1712 par
333 1631 375 1696 sit
404 1649 558 1698 numerus.
598 1631 637 1696 ad
676 1631 918 1715 geographicum
949 1631 1044 1696 situm
1078 1630 1315 1715 significandum

249 1735 392 1821 genetivo
416 1737 514 1802 multo
539 1737 728 1820 frequentius
742 1738 899 1822 periegeta
913 1737 1013 1805 utitur
1034 1756 1126 1820 quarn
1142 1737 1314 1804 accusativo

248 1843 331 1927 (gen.
355 1845 398 1909 48
416 1866 423 1908 :
440 1862 503 1910 ace.
523 1843 656 1930 18¹⁷⁰));
682 1847 715 1910 at
729 1844 987 1929 topographicum
1010 1844 1156 1910 6111116111
1179 1843 1314 1926 definiat,

249 1951 456 2018 accusativum
481 1950 617 2034 praefert
632 1951 774 2036 genetivo
792 1949 867 2037 (666.
885 1952 927 2018 48
945 1973 952 2015 :
970 1970 1039 2035 gen.
1056 1950 1125 2037 33).
1149 1951 1229 2034 quod
1245 1970 1316 2018 vero

248 2044 307 2124 lioc
329 2059 361 2124 in
385 2077 494 2143 genere
509 2059 680 2125 Pausanias
696 2060 905 2126 accusativum
921 2060 1021 2144 magis
1037 2059 1228 2144 approbavit,
1252 2059 1317 2126 eins

249 2165 293 2232 rei
316 2166 401 2232 66116
432 2167 462 2232 16
492 2166 669 2233 6611616661
693 2167 815 2250 quidem
839 2167 918 2233 16116
942 2167 1045 2232 afferri
1074 2169 1190 2250 potest:
1221 2168 1316 2233 immo

249 2273 381 2357 scriptor
405 2273 527 2339 libidini
551 2293 622 2340 6666
639 2274 762 2341 videtur
786 2274 932 2340 obnoxius
955 2293 1028 2350 esse,
1053 2274 1185 2340 velutin
1203 2274 1316 2341 descri-

250 2381 357 2447 bendis
373 2381 542 2466 Polygnoti
557 2381 685 2464 pictoris
700 2381 815 2448 tabulis
831 2378 902 2466 irrep
918 2380 1081 2449 undeciens
1096 2401 1166 2448 cum
1179 2401 1252 2463 666,
1269 2385 1317 2448 161

249 2491 373 2554 1661616
389 2507 459 2554 cum
483 2507 552 2573 gen.
570 2489 737 2569 coniunxit,
762 2507 947 2572 quamquam
968 2507 1059 2556 causa
1074 2489 1211 2556 evitandi
1225 2490 1317 2556 huius

249 2615 336 2664 casus
352 2615 413 2662 666
429 2599 596 2678 comparet.
614 2596 666 2662 sed
681 2596 732 2662 hic
747 2596 811 2661 illic
827 2595 1034 2664 accusativum
1051 2596 1180 2681 elegisse
1195 2596 1317 2664 videtur

250 2704 288 2768 ad
305 2702 519 2771 declinandam
535 2705 749 2788 genetivorum
765 2704 1000 2782 enervationem,
1016 2703 1256 2783 16161111141,
1276 2708 1316 2771 10

249 2808 321 2897 ὑπὲρ
336 2815 368 2875 τὸ
384 2809 459 2896 ἱερὸν
474 2820 525 2875 τοῦ
541 2809 734 2883 Ἀπόλλωνος
757 2820 806 2875 τοῦ
821 2808 1017 2895 Ἐπικουρίου,
1035 2811 1062 2875 V
1077 2813 1127 2891 13,
1142 2813 1159 2877 7
1176 2807 1248 2894 ὑπὲρ
1264 2822 1318 2898 τῆς

250 2918 429 3006 Πλαστήνης
445 2922 558 3006 μητρὸς
573 2923 605 2984 τὸ
621 2917 705 3004 ἱερόν,
729 2921 759 2985 Χ
775 2922 827 2999 26,
844 2921 865 2984 4
888 2916 960 3005 ὑπὲρ
978 2927 1028 2982 τοῦ
1044 2915 1254 3005 Νεοπτολέμου
1269 2922 1317 2983 τὸν

250 3032 351 3114 τάφον,
368 3026 448 3103 118,
466 3029 485 3091 2
510 3027 611 3107 1132,
631 3030 650 3094 8
666 3026 695 3091 V
713 3030 764 3106 11,
784 3029 814 3093 7.
839 3026 945 3092 eadem
962 3025 999 3091 de
1014 3045 1113 3106 causa,
1131 3031 1167 3092 ut
1182 3026 1315 3108 videtur,

250 3135 277 3200 V
291 3138 343 3215 10,
358 3130 461 3218 9116116
473 3143 524 3198 τοῦ
535 3143 606 3198 ναοῦ
618 3139 772 3222 πεποίηται
787 3146 843 3199 τῶν
854 3138 954 3219 θορὼν
967 3134 1124 3219 genetivus
1136 3135 1317 3218 interposito

251 3242 342 3308 verbo
355 3241 510 3325 separavit
523 3244 554 3308 61
565 3241 643 3308 VIII
657 3245 709 3321 32,
725 3247 743 3307 3
757 3238 911 3328 πεποίηται
924 3242 1039 3306 στάδιον
1055 3238 1126 3325 ὑπὲρ
1139 3252 1194 3328 τῆς
1204 3238 1317 3330 Ἀφρο-

251 3346 331 3437 δίτης
341 3368 394 3431 pro
406 3346 478 3434 ὑπὲρ
489 3358 540 3413 τοῦ
552 3346 629 3434 ἱεροῦ
642 3360 695 3436 τῆς
703 3346 885 3437 Ἀφροδίτης
895 3351 971 3415 dixit
982 3346 1054 3431 ὑπὲρ
1066 3359 1120 3434 τῆς
1129 3345 1317 3437 Ἀφροδίτης.

250 3457 379 3539 denique
394 3456 580 3522 Pausaniam
597 3456 702 3535 etiam,
719 3459 755 3521 ut
769 3456 982 3539 perspicuitati
998 3457 1177 3538 consuleret,
1193 3475 1317 3523 accusa-

250 3563 349 3629 tivum
365 3563 546 3646 praetulisse
562 3563 694 3630 arbitror
710 3565 777 3630 Ioco
795 3564 828 3629 ΙΙ
847 3566 897 3642 17,
925 3567 942 3630 7
967 3561 1027 3626 ἔστι
1051 3563 1083 3625 δὲ
1099 3559 1169 3647 ὑπὲρ
1186 3566 1233 3628 cbo
1248 3566 1318 3628 ναὸν

251 3679 350 3734 τοῦτον
367 3679 417 3734 τοτ’)
433 3675 576 3755 προτέροο
589 3679 660 3735 ναοῦ
672 3672 808 3757 θεμέλια,
825 3672 878 3736 ubi
890 3672 1102 3755 genetivorum
1115 3667 1233 3756 61111616
1245 3691 1317 3757 pur·-

295 3846 312 3851 ..
321 3845 463 3853 ’,ι-ι...-

250 3939 357 3994 nicht
374 3939 422 3995 lei
432 3939 492 3994 eht
512 3955 561 3994 von
574 3938 619 3994 der
633 3939 713 4009 Lege,
733 3940 794 3994 eber
811 3939 853 3994 bei
867 3940 950 3995 6111616
963 3939 1078 3996 Verbum
1091 3941 1136 3997 der
1149 3941 1318 4012 Bewegung’‚

250 4032 277 4083 et
295 4027 366 4098 quod
384 4028 455 4083 idem
475 4029 503 4082 in
523 4028 631 4082 Arriani
650 4027 727 4083 anab.
747 4027 811 4083 edit.
830 4029 864 4084 ad
883 4029 896 4083 I
918 4030 958 4095 14,
977 4030 994 4084 4
1013 4029 1133 4088 adnotat.

324 4115 456 4186 170)()11111
482 4118 533 4174 loci
552 4118 737 4189 topographici
763 4122 789 4173 61
807 4118 978 4190 geographici
1006 4135 1036 4174 ex
1062 4123 1136 4190 parte
1161 4136 1214 4175 non
1240 4119 1318 4176 facile

251 4206 384 4277 distingui
403 4211 519 4278 possent,
539 4208 643 4262 numeri
663 4205 749 4263 obiter
768 4208 915 4278 computati
934 4211 1006 4264 sunt.
1045 4212 1048 4217 '
