3134 4964
324 769 401 851 nica,
424 770 510 837 euius
533 789 581 836 res
605 770 709 853 gestae
732 769 790 835 hoe
813 769 880 835 loco
904 772 1097 849 enarrantur,
1121 768 1259 852 spectata
1275 766 1388 834 Lesbos

323 897 382 945 uon
398 878 481 944 ultra
497 877 666 956 Aeolidem,
691 876 744 942 sad
767 876 847 942 citra
869 878 929 953 est;
954 877 1060 959 itaque
1084 874 1134 942 hio
1158 893 1277 958 quoque
1293 894 1388 960 seque

324 1004 359 1051 ae
382 985 456 1052 locis
479 1003 571 1069 supra
594 984 737 1050 tractatis
761 983 890 1068 scriptor·
913 983 1004 1049 Lesbi
1027 983 1122 1050 situm
1145 982 1333 1068 significauit
1353 985 1389 1049 ut

323 1093 444 1177 aliquis,
468 1092 520 1176 qui
542 1111 595 1176 per
617 1110 701 1158 oram
720 1091 811 1159 Asiae
833 1091 960 1157 minoris
980 1091 1019 1157 ah
1036 1093 1140 1157 austro
1157 1091 1197 1157 ad
1213 1091 1386 1174 aquilonem

322 1202 476 1283 profectus
498 1200 625 1266 Aeolide
653 1199 717 1267 siue
744 1199 832 1283 plene
861 1200 924 1265 sive
951 1218 988 1266 ex
1015 1202 1102 1283 parte
1125 1200 1290 1284 peragrata
1313 1197 1388 1263 Les·

323 1309 397 1374 bum
420 1307 573 1373 transit.

389 1417 420 1482 X
443 1419 511 1497 9,9
545 1413 599 1478 stoi
627 1414 659 1478 δὲ
686 1411 756 1491 οἵδε,
776 1411 916 1499 Ἄραντος
947 1418 999 1500 μὲν
1026 1416 1077 1478 καὶ
1099 1411 1272 1500 Ἐριάνθης,
1296 1409 1313 1477 ὁ
1336 1415 1388 1498 μὲν

323 1520 417 1587 αὐτῶν
440 1519 474 1584 tn
497 1520 734 1607 Λακεδαίμονος,
767 1519 783 1585 ὁ
812 1522 844 1585 δὲ
867 1519 1027 1609 Ἐριάνθης
1050 1519 1191 1593 Βοιώτιος
1214 1519 1268 1560 ***
1295 1517 1389 1605 ὑπὲρ

322 1638 386 1694 τοῦ
416 1627 625 1714 Μίμαντος,
656 1625 789 1692 ἐντεῦθεν
818 1632 870 1715 μὲν
889 1626 1105 1716 Ἀστυκράτης,
1136 1628 1205 1692 Χῖοι
1232 1628 1264 1691 δὲ
1287 1625 1388 1715 Κηρι-

322 1737 436 1822 οοιιλῇς
451 1738 502 1798 καὶ
517 1732 720 1823 Ἑρμόφαντός
742 1758 772 1798 τε
792 1739 844 1799 καὶ
859 1733 992 1808 Ἱκέσιος.
1026 1735 1065 1801 ad
1081 1737 1160 1802 huuc
1175 1736 1279 1801 locum
1294 1752 1388 1800 anno·

322 1847 391 1909 tant
417 1844 448 1907 in
480 1843 614 1908 editione
637 1842 744 1908 critica
769 1841 846 1908 SW:
880 1839 1031 1908 ‘lacunam
1062 1842 1117 1909 alii
1149 1843 1238 1908 aliter
1268 1842 1387 1924 explere

322 1950 424 2015 conati
454 1953 539 2015 sunt:
575 1947 736 2021 Βοιώτιος·
760 1946 795 2012 ἐτι
824 1949 856 2012 δὲ
885 1960 941 2014 τῶν
971 1947 1043 2034 ι’·ιπὲρ
1073 1973 1096 2013 τ.
1120 1948 1195 2035 Μίμ.
1218 1948 1320 2033 Sylb.;
1356 1945 1387 2020 ἐξ

322 2053 476 2141 Ἐρυθρῶν
499 2068 555 2120 τῶν
578 2053 650 2140 ὑπὲρ
674 2065 724 2120 τοῦ
747 2054 821 2140 Μίρ.
845 2055 898 2132 Κ.;
930 2053 1077 2123 “mutilus
1101 2059 1186 2123 loeus
1210 2057 1258 2122 vel
1282 2056 1387 2140 legeu-

322 2165 396 2230 drrm
426 2160 604 2236 Γλισαντος”
630 2163 730 2231 Palm.
756 2163 815 2230 Ms.
848 2183 953 2230 omnes
984 2161 1118 2230 frustra’.
1158 2164 1254 2229 nihilo
1285 2163 1387 2228 minus

308 2255 464 2354 ¹equidem
487 2271 628 2336 lacunam
652 2272 678 2336 si
700 2290 760 2337 non
784 2273 896 2349 totam,
921 2275 955 2337 at
977 2274 1079 2338 tamen
1105 2291 1140 2337 eu
1160 2275 1248 2356 parte
1268 2270 1387 2354 explere

321 2398 409 2462 posse
433 2378 511 2444 mihi
532 2378 646 2445 videor.
682 2379 850 2444 Pausanias
879 2379 961 2444 enim
988 2381 1025 2445 ut
1047 2379 1139 2446 Araci
1167 2382 1198 2445 et
1221 2378 1387 2445 Erianthae

321 2487 447 2553 nomina
468 2485 642 2570 praemittit
665 2489 696 2550 et
719 2485 821 2552 verbis
843 2482 860 2548 ὁ
883 2489 935 2572 μὲν
959 2483 1053 2551 αὐτῶν
1076 2485 1147 2550 -ὁ
1171 2486 1203 2549 δὲ
1223 2483 1386 2572 Ἐριάνθης

321 2594 432 2673 iterat,
470 2594 517 2659 ita
548 2596 654 2676 postea
684 2592 856 2676 patriarum
888 2593 1012 2660 nomina
1043 2593 1208 2659 variandae
1239 2592 1385 2659 nimirum

322 2700 469 2769 orationis
492 2719 583 2767 causa
606 2703 766 2784 antecapto
789 2700 891 2766 verbis
914 2698 1047 2766 ἐντεῦθεν
1062 2705 1115 2787 μὲν
1134 2739 1171 2749 -
1190 2699 1259 2765 Χῖοι
1276 2699 1308 2764 δέ
1323 2700 1387 2765 sine

322 2809 415 2876 dubio
431 2809 553 2890 repetit.
576 2827 594 2872 a
611 2827 670 2891 que
686 2827 757 2873 curn
772 2811 931 2890 praeterea
945 2808 1046 2876 verbis
1062 2805 1203 2893 Ἄρακος
1225 2813 1290 2894 μέν
1313 2809 1387 2873 cett.

322 2914 506 2983 sententiam
529 2935 583 2998 per
605 2915 793 2998 particulam
823 2916 862 2980 δέ
892 2916 1073 2999 respondere
1103 2935 1222 2982 neeesse
1251 2916 1303 2996 sit,
1336 2933 1387 2980 er·

265 3111 269 3116 ⁴
322 3025 457 3106 plemus:
475 3021 516 3086 ἐκ
532 3021 571 3084 δὲ
587 3018 831 3109 Ἐριιθρῶν9ἣ
847 3025 911 3086 aaut
927 3021 1020 3087 Χίου
1037 3033 1099 3111 της
1113 3019 1185 3107 ὑπὲρ
1202 3030 1252 3086 τοῦ
1268 3019 1388 3106 Μίμαν-

393 3255 428 3325 ²⁶)
450 3256 518 3310 Loco
546 3252 655 3310 laudato
683 3256 789 3309 statuae
818 3253 934 3326 Delphos
962 3252 1097 3311 dedicatae
1122 3252 1386 3310 Lacedaemoniorum

280 3395 287 3402 .
322 3345 514 3415 sociorumque,
539 3344 586 3414 qui
609 3359 715 3413 pugnae
737 3341 771 3398 ad
794 3342 1004 3416 Aegospotamos
1026 3344 1180 3400 commissae
1200 3344 1385 3409 interfuerant,

323 3435 484 3490 afferunt-ur:
505 3434 624 3505 primurn
642 3431 864 3487 Lacedaemonius
890 3435 917 3488 et
935 3433 1060 3489 Boeotius
1083 3431 1188 3505 (utpote
1213 3451 1243 3488 ex
1262 3431 1388 3490 Graeciae

322 3525 482 3580 continentis
500 3522 656 3579 civitatibus
674 3522 818 3591 maximis),
846 3521 941 3578 deiude
959 3525 1019 3592 post
1037 3522 1159 3578 lacunam
1179 3522 1259 3578 Asiae
1277 3521 1387 3577 minoris

322 3613 424 3680 Graeci,
443 3615 489 3684 qui
508 3630 590 3683 aeque
607 3615 688 3682 atque
706 3611 869 3667 Euboeenses
887 3629 934 3683 per
951 3611 1051 3668 bellum
1068 3613 1211 3678 aDecelea¹
1225 3613 1387 3684 appellatam

321 3703 349 3757 in
364 3702 628 3758 lacedaemoniorum
642 3702 730 3770 partes
743 3699 916 3755 transierant:
929 3700 992 3757 chii
1004 3704 1067 3767 tres,
1081 3700 1182 3757 Rhodii
1194 3701 1253 3768 duo,
1267 3700 1386 3766 cnidius,

322 3791 460 3862 Ephesius,
479 3792 607 3857 Milesius,
630 3789 763 3860 Myndius,
783 3789 896 3855 Samius,
916 3793 974 3845 tum
991 3792 1183 3848 [lubecensium
1203 3789 1341 3862 Carystius
1359 3793 1388 3847 et

321 3881 488 3950 Eretriensis,
506 3884 565 3937 tum
583 3884 729 3936 ceterorum
747 3876 907 3937 Graecorum
926 3880 960 3935 ab
979 3881 1113 3937 occidente
1131 3880 1321 3945 habitantium,
1340 3881 1387 3950 qui

321 3971 375 4026 iam
392 3971 466 4041 prius
484 3970 750 4027 Lacedaemoniorum
768 3970 833 4026 socii
853 3970 918 4025 faeti
930 3973 1019 4025 erant:
1039 3969 1202 4037 Corinthius,
1222 3970 1388 4033 Troezenius,

321 4059 490 4130 Epidaurius,
500 4060 670 4126 Pellenensis,
680 4059 888 4124 Hermionensis,
897 4058 1049 4125 Phocensis,
1058 4058 1230 4129 Megareusis‚
1240 4059 1386 4130 Sicyonius,

322 4148 518 4215 Ambraciotes,
543 4148 700 4205 Corinthius
723 4149 831 4214 iterum,
857 4148 1019 4216 Leucadius,
1049 4148 1252 4204 Lacedaemonii
1274 4147 1387 4218 denique

324 4237 384 4293 dno.
412 4239 503 4309 itaque
520 4255 579 4293 eum
599 4237 757 4294 Graecorum
782 4237 986 4294 occidentalium
1011 4238 1106 4294 ciuitas
1131 4255 1182 4294 non
1209 4236 1278 4294 desit
1300 4240 1386 4306 tauta,

322 4329 353 4382 ut
371 4328 459 4398 prima
478 4328 507 4382 in
525 4327 591 4384 serie
609 4327 672 4399 poni
690 4327 776 4397 possit
793 4328 837 4396 (cl.
856 4328 935 4383 Thac.
955 4327 1024 4383 VIII
1043 4329 1079 4398 3),
1097 4327 1238 4383 manifesto
1258 4327 1290 4383 de
1309 4327 1388 4383 Asiae
