3134 4964
683 440 905 501 ..12-

262 637 335 720 geta
365 635 429 700 sine
459 634 551 699 dubio
582 637 702 700 certum
733 634 871 699 ordinem
899 632 1069 699 insularum
1093 633 1263 718 Cycladum
1294 633 1326 698 in

261 746 365 808 mente
387 742 490 822 habet,
515 760 574 825 quo
590 743 688 808 Parus
704 743 774 808 anta
790 741 913 806 Naxum
930 739 1089 807 nominata
1105 742 1181 821 erat,
1206 740 1244 806 de
1266 760 1326 825 quo

258 853 363 915 tamen
396 849 474 914 nihil
505 848 596 931 plane
629 848 786 916 nobiscum
819 848 1035 914 communicat.
1074 846 1112 914 cf.
1142 847 1193 913 Ps.
1226 846 1325 933 Scyl:

258 960 300 1024 55
325 956 500 1035 Corinthea,
532 958 574 1022 56
598 955 737 1041 Megara,
766 958 807 1021 57
832 955 948 1036 Attica,
981 957 1022 1023 58
1045 965 1129 1042 νῆσοι
1152 952 1323 1028 Κωτλάδες.

258 1066 334 1127 κατὰ
358 1063 389 1126 δὲ
412 1067 463 1150 τῆν
479 1059 616 1152 Ἀττικήν
639 1059 693 1126 είσι
716 1073 798 1151 νῆσοι
821 1058 851 1127 αί
873 1060 1035 1134 Κοκλάδες
1057 1062 1248 1148 ιιαλοὺμεναι,
1271 1065 1322 1126 καὶ

256 1172 355 1242 πόλεις
378 1167 442 1233 αἵδε
466 1168 496 1234 ἐν
519 1178 583 1243 ταῖς
604 1175 720 1257 νήσοις·
745 1167 835 1241 Κέως
851 1191 908 1216 -·
926 1165 1100 1255 Ἑλένηῑίγ·
1123 1167 1249 1242 Kedron
1266 1191 1322 1216 ·-·

258 1275 382 1364 Σέριρος
397 1297 448 1323 -·
466 1275 584 1365 Σίρνος·
601 1276 789 1362 Πάρος-·
807 1275 941 1349 Νάξος·
959 1274 1075 1362 Δῆλος·
1091 1272 1197 1363 Ῥηνη·
1214 1273 1322 1360 Σῦρος·

259 1382 399 1456 Μίικονος
424 1407 476 1431 -·
501 1381 596 1472 Τῆνος
619 1407 673 1432 -·
692 1381 825 1469 Ἀνδρος
851 1406 901 1430 -·
929 1379 1013 1446 αὗται
1035 1386 1087 1468 μὲν
1111 1379 1141 1446 αἱ
1163 1381 1325 1456 Κοκλοίδες

258 1501 350 1577 νῆσοι.
370 1529 409 1536 —-
434 1495 508 1576 μετὰ
532 1491 564 1554 δὲ
577 1489 708 1576 ’Ἄνδρον
724 1488 835 1576 Εὔβοια
850 1501 954 1577 νῆσος;
978 1489 1081 1556 Strab.
1101 1491 1132 1556 X
1155 1493 1186 1569 5,
1199 1493 1234 1556 3:
1259 1487 1324 1553 κατ’

257 1597 354 1684 άρχάς
377 1602 429 1684 μὲν
453 1594 502 1662 οίιν
526 1599 644 1662 δώδεκα
667 1598 720 1682 (so.
744 1596 920 1683 Κοκλάδες)
944 1598 1092 1679 λέγονται·
1117 1602 1323 1680 προσεγένοντο

257 1705 288 1768 δὲ
311 1709 362 1768 καί
385 1706 510 1777 πλείους.
548 1702 767 1791 Ἀρτεμίδωρος
789 1714 857 1787 γοῦν
881 1703 941 1791 (ιε’)
966 1705 1161 1791 διαριδμείται
1183 1707 1248 1787 περὶ
1270 1715 1323 1791 τῆς

255 1809 379 1898 Ἑλένης
394 1809 490 1888 εἰπών,
507 1809 549 1875 ὅτι
565 1810 623 1876 άπὸ
640 1812 767 1897 Θορίκοο
784 1817 872 1899 μέχρι
888 1811 1007 1876 Σοονίοο
1022 1815 1205 1896 παράκειται,
1221 1815 1322 1897 μακρά

256 1920 379 1983 σταδίων
407 1917 474 1983 ὅσον
505 1916 649 2006 ἑξήκοντα
678 1922 710 1983 τὸ
739 1930 852 2006 μῆκος·
881 1918 940 1982 ἀπὸ
969 1922 1077 2006 ταίτης
1099 1923 1157 2004 γάρ
1181 1940 1268 2006 φησιν
1291 1914 1322 1982 αἱ

256 2026 434 2112 καλοίμεναι
450 2024 611 2098 Κοκλάδες
627 2023 708 2090 εἰσίν·
733 2023 867 2112 ὀνομάζει
888 2028 919 2090 δὲ
936 2024 1018 2102 Κέω,
1042 2030 1093 2114 τῆν
1116 2023 1262 2107 ἐγγυτάτω
1285 2036 1321 2111 τῆ

256 2129 371 2216 Ἑλένη,
399 2135 449 2195 καί
474 2136 548 2218 μετά
570 2135 676 2220 ταίιτην
699 2132 821 2198 Kolone
844 2138 895 2197 καί
917 2132 1040 2221 Σέριφον
1063 2136 1114 2196 καὶ
1137 2131 1244 2220 Μῆλον
1271 2135 1322 2195 καί

255 2237 359 2325 Σίρνον
386 2243 437 2302 καί
461 2237 602 2325 Κίμωλον
630 2244 681 2304 καί
704 2240 907 2324 Πρεπὲσινδον
935 2244 986 2303 καί
1008 2237 1144 2324 Ὠλίοιρον
1171 2243 1222 2303 καὶ
1248 2243 1320 2325 πρὸς

254 2347 371 2418 ταίιταις
402 2345 536 2430 Πάρον,
570 2346 704 2424 Νάξον,
736 2346 839 2431 Σῦρον,
872 2346 1018 2423 Mosarna,
1052 2344 1157 2434 Τῆνον,
1177 2344 1319 2430 Ἄνδρον,

253 2449 375 2535 Γίιαρον.

319 2559 334 2623 Ι
362 2563 470 2643 30‚3:
504 2559 621 2643 Λιγίοων
651 2571 706 2626 τῶν
729 2558 885 2645 Ἠριδανοῦ
917 2565 1009 2647 πέραν
1041 2558 1126 2645 ίιπὲρ
1158 2571 1222 2647 γῆς
1255 2571 1320 2648 τῆς

252 2662 433 2755 Κελτικῆς
463 2667 580 2733 Κίκνον
607 2707 643 2715 -
670 2671 808 2750 γενέσθαι
838 2669 963 2752 βασιλέα
994 2673 1074 2756 φασί.
1113 2669 1157 2735 sio
1179 2667 1318 2760 codices;

252 2772 429 2840 Dindorfius
452 2774 514 2861 (ed.
534 2776 631 2859 prael.
654 2796 685 2860 p.
701 2775 779 2860 Xll)
802 2775 877 2841 loeis
900 2775 916 2840 Ι
937 2777 1006 2853 4,1
1032 2779 1063 2842 et
1086 2775 1114 2840 V
1139 2777 1228 2855 14,3
1253 2776 1316 2842 ool·

250 2880 323 2945 latis
350 2877 420 2966 ὑπὲρ
449 2881 573 2963 (ίοίονίί,
603 2882 793 2950 Schubartus
823 2881 909 2947 uncis
940 2882 1051 2948 saltem
1080 2882 1216 2949 inclusit.
1254 2902 1314 2948 non

251 2988 354 3053 tamen
375 2988 453 3053 milri
472 2989 564 3056 fidem
585 2990 730 3056 fecerunt.
766 2991 839 3055 haee
863 2988 943 3054 enim
968 2988 1061 3055 verba
1083 2993 1119 3055 ut
1141 2989 1304 3074 intellegas

251 3096 372 3176 oportet
394 3099 474 3162 recte
496 3096 612 3162 indices
635 3096 671 3161 de
694 3095 838 3162 Eridano.
874 3095 1051 3162 Dindorfius
1071 3116 1141 3161 eum
1156 3115 1212 3180 pro
1227 3095 1312 3161 Pado

249 3201 392 3268 habuisse
416 3203 537 3269 videtur
560 3222 655 3286 aeque
678 3207 770 3285 alque
794 3203 973 3283 Ammaous,
998 3203 1050 3287 qni
1074 3204 1181 3270 vertit:
1209 3199 1315 3288 ‘ligu-

250 3328 329 3390 rum‚
354 3309 407 3392 qni
430 3310 462 3375 in
486 3310 587 3378 Gallia
610 3311 817 3393 transpadana
840 3305 920 3376 sunt’
931 3309 978 3395 18).
1016 3314 1049 3377 at
1072 3329 1107 3376 ax
1130 3311 1196 3376 loco
1220 3311 1309 3391 lar

249 3416 409 3502 colligitur
431 3419 598 3485 Eridanum
621 3438 680 3484 non
709 3418 837 3498 Padum,
862 3417 914 3484 sed
937 3418 1121 3483 Rhodanum
1146 3437 1220 3498 esse,
1245 3437 1315 3483 cum

249 3543 267 3588 a
283 3524 438 3591 Pausania
457 3538 495 3614 γῆ
512 3524 532 3614 ῆ
548 3525 681 3614 Κελτική
702 3529 784 3591 terra
799 3526 855 3591 illa
870 3525 1070 3611 intellegatur
1085 3525 1166 3591 inter
1180 3525 1314 3610 Pyrrhe·

249 3650 341 3698 naeos
353 3635 482 3715 montes,
496 3634 600 3716 Alpes,
613 3636 766 3717 Rhenum,
780 3633 934 3702 Oceanum
947 3633 1008 3699 sita
1017 3633 1071 3720 ¹⁹);
1089 3632 1174 3698 ouius
1190 3632 1313 3716 quidem

321 3826 352 3896 ¹²)
372 3825 412 3882 Ol.
431 3845 457 3897 p.
476 3829 501 3893 8,
521 3827 582 3883 adn.
603 3829 644 3883 15.

319 3914 352 3982 18)
373 3916 444 3971 Haec
471 3917 559 3986 opinio
587 3916 658 3987 apud
684 3920 785 3973 veteres
812 3917 961 3989 frequenter
988 3917 1140 3983 invenitnr;
1170 3916 1204 3972 cl.
1232 3917 1313 3988 Papii

247 4005 430 4075 Benseleriqne
449 4004 632 4060 ‘Wdrtcrbneh
651 4006 677 4061 d.
695 4007 793 4076 grieeh.
812 4005 1038 4076 Είροοιιατοωιῖ8
1056 4024 1077 4061 s.
1097 4024 1121 4060 ν.

319 4093 353 4163 ¹⁹)
373 4091 404 4146 Ol
416 4091 442 4145 δὲ
455 4091 572 4148 Γαλάται
585 4087 656 4148 οὗτοι
674 4095 794 4165 νέμονται
812 4101 871 4168 τῆς
884 4094 1043 4168 Εὐρώπης
1062 4097 1098 4148 τά
1111 4093 1243 4166 ἔσχατα,
1263 4093 1312 4147 ἐπὶ

247 4179 399 4253 θαλάσση
426 4181 530 4253 πολλῆ
556 4184 609 4236 καί
632 4183 662 4247 ἐς
688 4187 725 4237 τὰ
750 4185 870 4257 πέρατα
893 4183 928 4240 οὺ
953 4182 1098 4257 πλωίμῳ·
1124 4185 1264 4256 παρέχεται
1283 4182 1312 4236 δὲ
