3134 4964
670 463 890 530 ..47-

247 658 404 746 ἀνίσχοντα
427 659 516 745 όρους
539 660 614 725 ἐστίν
632 660 711 747 όίιιρα
726 660 903 746 Γερόντειον,
926 664 978 725 καί
1000 665 1092 725 κατὰ
1114 662 1222 747 ταυτην
1244 658 1314 731 ὁδός

248 766 303 853 (cf.
321 771 374 849 22,
394 769 446 852 1);
471 769 570 850 1134,
589 772 608 835 ό
639 766 699 832 ἐ’στι
723 769 755 831 δὲ
779 766 848 840 ὁδὸς
876 765 907 840 ἐς
929 765 1069 854 Ἑρμιόνα
1099 767 1134 832 ἐκ
1155 766 1314 855 Τροιζῆνος

246 878 336 939 κατὰ
359 879 411 962 τίγν
426 880 543 959 πέτραν,
568 875 587 962 ἣ
607 880 746 960 πρότερον
762 879 814 960 μὲν
831 873 965 939 ἐκαλεῖτο
980 873 1103 940 Σθενίου
1119 872 1188 948 Διὸς
1203 878 1314 960 βωμός,

247 986 320 1067 μετὰ
348 983 381 1046 δὲ
404 986 509 1070 Θησέα
532 981 708 1069 ἀνελόμενον
736 986 772 1046 τὰ
794 987 981 1068 γνωρίσματα
1004 979 1193 1067 ὀνομάζουσιν
1218 978 1245 1046 οἱ
1267 990 1315 1046 νῦν

249 1088 373 1175 Θησέως
402 1087 503 1176 αυτήν.
538 1094 635 1153 κατὰ
662 1091 769 1177 ταότην
792 1087 841 1153 ουν
865 1093 917 1176 τὴν
945 1094 1052 1173 πέτραν
1083 1085 1173 1152 ἰοῦσιν
1204 1085 1315 1174 ὀρεινὴν

248 1192 315 1259 ὁδὸν
333 1192 391 1258 ἔστι
408 1199 460 1281 μὲν
476 1193 668 1267 ’Λπόλλωνος
684 1234 727 1243 -
743 1201 814 1268 ναός
835 1197 885 1280 (σί.
903 1200 956 1273 32,
975 1198 1023 1282 7);
1049 1198 1081 1260 II
1097 1199 1149 1276 36,
1167 1199 1186 1262 3
1204 1195 1315 1259 στάδιοι

248 1301 280 1364 δὲ
303 1301 362 1366 ἀπὸ
385 1312 439 1389 τῆς
461 1302 559 1388 ἄκρας
589 1305 696 1390 ταότης
725 1306 818 1366 κατὰ
841 1313 897 1368 τῶν
920 1301 995 1389 ὀρῶν
1016 1306 1070 1376 τὰς
1092 1306 1225 1392 κορυφὰς
1247 1323 1315 1365 πεν-

247 1413 374 1495 τήκοντά
396 1407 450 1472 είσι
472 1413 523 1473 καὶ
539 1410 682 1488 διακόσιοι
705 1408 736 1482 ἐς
751 1408 928 1494 Φιλανόριόν
951 1433 980 1473 τε
1004 1411 1185 1496 καλοίμενον
1201 1413 1252 1472 καί
1269 1406 1315 1471 ἐπὶ

247 1513 391 1588 Βυλευίις.
418 1555 457 1565 -
488 1517 525 1582 de
554 1517 611 1583 illa
638 1519 698 1596 via,
727 1536 804 1601 quae
827 1518 1031 1583 Parthenium
1054 1519 1192 1583 montem
1215 1520 1316 1582 trans·

248 1623 376 1688 cendens
406 1624 521 1707 Hysias
555 1624 714 1708 Argolicas
745 1644 815 1690 cum
839 1625 942 1710 Tegea
965 1625 1115 1692 Arcadica
1144 1623 1314 1708 coniungit,

247 1731 349 1797 confer
367 1732 461 1797 Peus.
477 1731 555 1797 VIII
578 1734 631 1812 54,
654 1737 673 1798 5
698 1751 762 1815 sqq.
786 1734 818 1797 υί
841 1733 873 1797 II
896 1735 950 1812 24,
967 1732 987 1797 5
1004 1751 1079 1815 sqq.‚
1109 1732 1212 1800 δίνου.
1235 1730 1315 1797 VIII

248 1841 279 1916 6,
298 1840 337 1903 17
362 1834 456 1901 Ὑσίαι
488 1875 524 1885 -
557 1841 606 1902 καί
630 1836 792 1925 Κεγχρεαί,
822 1838 854 1901 αἳ
875 1847 983 1903 κεῖνται
1011 1835 1056 1901 ἐπί
1079 1849 1114 1923 τῇ
1138 1835 1199 1922 ὁδῷ
1221 1847 1256 1923 τῇ
1280 1835 1315 1901 ἐν.

248 1941 360 2024 Τεγέας
375 1942 417 2017 εἰς
428 1942 544 2029 Ἄργος
568 1946 625 2008 διὰ
647 1954 705 2008 του
722 1943 931 2029 Παρθενίου
954 1943 1068 2030 όρους
1085 1947 1136 2008 καί
1150 1954 1201 2008 τοί)
1217 1943 1315 2028 Κρεο-

248 2052 363 2127 αώλυυ,
391 2051 491 2118 Curtii
521 2049 764 2135 ‘Peloponnesos’
793 2053 809 2117 Ι
838 2072 869 2135 p.
894 2055 980 2130 2603
1012 2052 1141 2134 11367,
1172 2050 1315 2117 Bursiani

248 2155 370 2243 ‘Geogn
387 2179 416 2226 v.
434 2156 568 2225 Griech?
590 2160 623 2223 II
644 2179 674 2242 p.
693 2161 750 2237 663
768 2162 842 2225 222.

513 2268 541 2334 b.
565 2263 663 2332 ‘fiber
682 2300 718 2313 -
738 2263 876 2333 hinaus’
904 2266 954 2332 vel
981 2262 1031 2313 ‘-
1050 2261 1190 2348 empor'.
1221 2263 1316 2330 verba

569 2373 676 2440 addita
691 2373 807 2439 habent
830 2373 999 2440 movendi
1024 2372 1096 2452 vim,
1120 2390 1197 2457 quae
1213 2371 1252 2438 ad
1268 2390 1316 2436 res

569 2480 721 2547 Inanimas
737 2480 888 2546 translata
903 2481 965 2547 est:

569 2586 737 2652 ἀνατείνεινι
755 2587 851 2668 1138,
866 2590 884 2654 7
901 2588 979 2653 VIII
995 2589 1046 2666 13,
1061 2590 1095 2664 6;
1113 2584 1316 2674 ἀνεστιγνέναιι

571 2695 684 2774 v120‚
704 2697 755 2762 19.

688 2855 877 2938 Exempla.

317 3002 462 3080 1138,7
488 2997 626 3064 ἀνατείνει
655 2998 686 3062 δὲ
714 2995 808 3082 ὑπὲρ
839 3002 905 3072 τὰς
932 3001 1057 3083 κώμας
1084 2996 1155 3084 ὄρος
1177 2996 1310 3084 Πάρνων.

250 3109 289 3174 cf.
305 3108 465 3174 Hannonis
480 3106 589 3191 peripl.
615 3109 635 3172 9
651 3105 761 3172 Muell.
786 3102 827 3177 εἰς
847 3109 895 3170 τὸν
910 3108 1007 3191 μυχὸν
1022 3115 1076 3192 τῆς
1092 3106 1198 3193 λίμνης
1219 3104 1317 3193 ἤλθο-

250 3237 312 3301 μεν,
342 3211 428 3300 ὑπὲρ
460 3214 499 3301 ἢν
533 3213 588 3299 ὄρη
621 3217 741 3298 μέγιστα
764 3210 984 3296 ίνιιερέτεινε;
1016 3211 1107 3277 PaUS.
1138 3212 1188 3277 III
1212 3214 1315 3290 2Ο,4

250 3321 329 3409 ἄκρα
352 3323 385 3386 δὲ
407 3330 457 3385 τοῦ
479 3319 627 3402 Ταϋγέτου
650 3317 778 3384 Ταλετὸν
810 3316 898 3404 ίνττὲρ
926 3318 1089 3404 Βρυσεῶν
1118 3317 1230 3405 ἀνέχει,
1263 3319 1317 3384 ubi

251 3431 357 3496 eadem
379 3429 601 3514 sIgnifieetione
624 3424 696 3511 ὑπὲρ
720 3447 790 3494 eum
814 3447 882 3511 gen.
908 3427 1114 3510 coniungitur.

317 3544 395 3609 VIII
413 3547 465 3624 13,
482 3546 502 3610 6
519 3541 656 3608 ἀνατείνει
673 3543 705 3606 δὲ
727 3539 812 3628 ὑπὲρ
828 3543 908 3613 τοὺς
924 3538 1032 3625 όρους
1046 3543 1180 3628 κρημνὸς
1194 3537 1316 3628 ὑψηλός·

251 3655 355 3736 πέτραν
371 3648 567 3738 Καφυατικὴν
583 3647 758 3734 ὀνομάζουσι
773 3652 821 3714 τὸν
836 3653 975 3736 κρημνόν.
994 3666 1101 3713 saxum
1119 3650 1318 3730 praeruptum

252 3758 457 3841 supereminet
473 3760 585 3838 locum,
610 3775 669 3840 quo
687 3757 761 3822 fines
779 3756 1061 3834 Orchomeniorum,
1081 3755 1316 3834 Pheneatarum,

252 3864 481 3950 Caphyaterum
506 3866 701 3931 concurrunt.

319 3981 364 4046 VI
387 3985 500 4060 20,19
523 3985 631 4063 πέτρας
661 3979 694 4042 δὲ
721 3974 809 4064 ὑπὲρ
833 3975 902 4064 (ὑπό
923 3980 958 4043 Μ
976 3979 1034 4061 Va)
1062 3988 1118 4043 τῶν
1138 3973 1233 4042 ἵππων
1257 3979 1318 4063 τὴν

251 4085 395 4175 καμπὴν
407 4086 611 4175 ἀνεστηκυίας.
628 4085 739 4151 similis
751 4086 834 4153 Iocus
847 4089 893 4152 est
904 4086 981 4151 VIII
996 4089 1047 4164 11,
1059 4088 1080 4151 4
1096 4095 1198 4172 μνῆμα
1213 4083 1318 4170 ἀνέχον

251 4191 286 4258 ου
308 4196 384 4259 πολὺ
407 4191 494 4279 ὑπὲρ
517 4205 581 4282 τῆς
603 4201 681 4280 γῆς,
704 4192 758 4257 ubi
780 4189 852 4275 ὑπὲρ
875 4211 945 4258 cum
969 4210 1039 4276 gen.
1063 4194 1216 4256 structum
1239 4194 1297 4258 est.
