3134 4964
735 467 956 528 ,76-

316 656 401 744 ὑπὲρ
432 656 542 747 αὐτὴν
572 659 632 724 ἄνω
662 661 829 745 βαρβάροις.
869 659 948 725 Poll.
973 658 986 722 1
1012 662 1052 724 80
1083 660 1203 722 καλοῖτο
1237 655 1262 721 δ’
1286 656 1320 722 eu
1351 661 1383 721 τὸ

317 771 368 853 μὲν
390 763 447 831 ὑπὸ
469 768 537 839 τοὺς
559 766 654 836 πόδας
677 763 796 850 ἔδαφος,
822 767 853 828 τὸ
870 762 896 828 δ’
912 763 997 851 ὑπὲρ
1020 768 1079 852 τὴν
1101 767 1264 852 κεφαλὴν
1288 761 1383 852 ὀροφὴ

315 877 367 937 καὶ
390 878 493 960 seqq
525 875 565 939 85
595 869 680 957 ὑπὲρ
711 872 743 935 δέ
772 876 809 936 τὸ
840 871 992 958 ἔμβολον
1021 871 1122 959 δελφὶς
1142 870 1270 948 derorum
1301 869 1383 937 866

317 981 423 1052 στόλος
438 977 463 1044 δ’
478 977 553 1044 ἐστὶν
575 976 660 1064 ὑπὲρ
683 983 745 1066 τὴν
768 989 924 1063 στεῖρανς
952 982 1012 1044 135
1029 982 1062 1042 τό
1077 975 1162 1064 ὑπὲρ
1180 976 1265 1042 αὐτὸ
1281 979 1334 1062 (so.
1351 981 1384 1042 τό

316 1087 482 1171 ἐπίκρανον)
512 1088 606 1175 λόφος
629 1085 686 1173 (so.
709 1084 810 1171 ἐστίν);
842 1087 931 1151 1129
956 1090 1010 1157 τὰς
1039 1083 1123 1170 ὑπὲρ
1154 1089 1191 1150 τό
1222 1090 1384 1172 μέτωπον

317 1198 437 1280 τρίχαςς
469 1195 514 1258 IV
539 1197 600 1260 130
631 1203 682 1258 τοῦ
713 1194 886 1274 θεολογεὶοο
919 1191 1001 1263 ὄντος
1032 1190 1118 1276 ιλπέρ
1150 1197 1210 1279 τὴν
1240 1197 1383 1279 σκηνήν.

317 1301 467 1383 Harpoor.
484 1320 508 1365 s
533 1321 562 1365 v.
578 1297 753 1388 Ἀρδηττόςε
777 1339 820 1348 -
837 1304 927 1370 τόπος
942 1297 1107 1387 Ἀθήνησιν
1130 1295 1214 1384 ὗπὲρ
1238 1303 1275 1362 τό
1299 1302 1384 1362 σπόι-

317 1408 391 1472 διον
421 1410 458 1471 τὸ
482 1405 764 1494 Παναθηναϊκόν
794 1407 869 1494 (uou
898 1403 983 1473 ‘dher
1013 1407 1068 1472 das
1098 1406 1224 1472 Stadion
1256 1403 1385 1484 hinaus’,

317 1517 354 1580 ut
378 1513 632 1580 Waohsmuthius
655 1515 677 1582 l.
701 1515 723 1581 1.
747 1515 764 1579 I
786 1535 817 1599 p.
841 1517 905 1580 238
929 1514 1173 1598 interpretatur).

385 1639 462 1703 quae
491 1640 562 1686 oum
592 1620 637 1686 ita
668 1621 739 1700 sint,
771 1621 839 1704 quis
869 1624 916 1686 est
945 1621 996 1702 qui
1020 1621 1172 1685 Thomam
1197 1620 1385 1704 Magistrum

318 1750 349 1811 p.
365 1730 430 1795 375
447 1728 485 1791 R.
503 1730 584 1793 reete
600 1728 711 1794 dixisse
728 1731 833 1813 neget:
857 1733 908 1815 rip
932 1725 1017 1811 ὑπὲρ
1034 1730 1174 1811 πρόθεσιν
1197 1731 1248 1813 τὴν
1271 1723 1385 1790 ἐπάνω

318 1839 418 1920 σχέσιν
442 1834 589 1921 δηλοῦσαν
619 1838 693 1919 πρὸς
724 1839 838 1922 γενικὴν
861 1832 1030 1922 ἐκφέρουσιν
1053 1831 1190 1910 Ἀττικοὶ,
1209 1831 1386 1921 Ἕλληνες

319 1943 351 2005 δὲ
376 1945 449 2026 πρὸς
472 1938 694 2030 αὶτιοιτικήνῖ

385 2296 539 2378 Quoniam
569 2297 608 2362 ad
640 2298 733 2363 finem
766 2297 983 2380 disputationis
1016 2299 1227 2381 pervenimus,
1260 2301 1292 2365 in
1323 2320 1387 2365 rem

319 2405 440 2471 videtur
463 2423 528 2472 esse
551 2401 623 2489 όπέρ
653 2405 823 2488 particulae
854 2424 925 2470 oum
950 2405 1093 2490 genetivo
1117 2409 1147 2470 et
1171 2426 1239 2472 oum
1263 2426 1386 2474 aoousa-

318 2514 383 2578 tivo
407 2512 552 2578 usumin
576 2512 752 2578 universum
776 2531 963 2595 comparare.
1005 2513 1173 2580 Pausanias
1196 2515 1275 2580 hano
1298 2533 1387 2597 prae-

317 2620 503 2703 positionem
534 2619 668 2685 sentiens
699 2620 922 2705 quinquagiens
951 2621 1082 2703 septiens
1105 2621 1197 2685 looali
1220 2641 1309 2687 sensu
1332 2623 1387 2687 ad-

318 2727 431 2805 hibuit,
455 2728 481 2791 si
505 2727 587 2794 looos
604 2728 619 2791 I
636 2730 688 2809 30,
712 2730 731 2792 3
749 2726 829 2791 VIII
846 2729 899 2805 37,
916 2730 935 2792 6
953 2727 998 2791 1Χ
1014 2730 1045 2809 3,
1063 2731 1092 2804 9,
1117 2746 1192 2810 quos
1217 2729 1387 2796 restituisse

318 2833 394 2899 mihi
418 2833 533 2911 videor,
558 2833 699 2899 addimus
724 2837 755 2898 et
777 2853 883 2912 unum,
908 2835 987 2899 VllI
1008 2835 1038 2910 6,
1055 2835 1086 2914 4,
1112 2853 1170 2916 quo
1189 2831 1260 2918 ὑπὲρ
1276 2834 1387 2917 delevi,

318 2941 537 3008 abstrahimur.
573 2962 608 3007 ex
631 2942 743 3008 horum
773 2941 909 3008 locorum
940 2959 1066 3006 numero
1091 2943 1132 3006 86
1159 2945 1246 3020 sunt,
1277 2942 1388 3025 quibus

318 3049 472 3133 partiorda
487 3068 559 3115 oum
575 3051 729 3134 genetivo,
755 3051 807 3126 71,
831 3049 1026 3132 quibuscum
1046 3048 1220 3114 aoousativo
1244 3050 1388 3132 oopulata

321 3160 380 3222 est:
406 3158 566 3242 genetivus
588 3156 686 3240 igitur
710 3156 920 3222 aeousativum
944 3175 1002 3222 non
1024 3157 1149 3238 superat
1164 3155 1224 3220 nisi
1243 3159 1283 3219 15
1300 3156 1387 3223 loois.

320 3267 360 3330 16
393 3265 468 3330 loeis
498 3266 618 3342 motus,
656 3265 719 3330 147
751 3264 828 3328 situs
862 3262 1069 3348 significatum
1105 3262 1191 3327 errius
1221 3263 1264 3328 rei
1295 3282 1389 3330 eausa

319 3373 449 3438 matoria
471 3377 519 3437 est
542 3371 726 3454 asoriptore
743 3373 887 3449 tractata,
912 3389 987 3451 quae
1003 3387 1145 3452 persaepe
1160 3369 1316 3451 poscebat,
1340 3373 1387 3450 ut,

319 3479 445 3544 ubinam
474 3478 594 3561 positae
624 3497 672 3544 res
703 3481 820 3556 essent,
851 3477 1046 3542 indicaretur.
1082 3495 1117 3541 er
1140 3477 1189 3542 his
1215 3479 1276 3542 147
1301 3478 1387 3557 loris,

319 3587 430 3669 quibus
453 3587 530 3652 situs
546 3605 650 3652 rerum
666 3586 821 3664 definitur,
846 3587 884 3650 81
907 3583 1093 3668 genetivum,
1118 3585 1159 3650 66
1176 3585 1388 3650 aoorrsativum

319 3693 474 3776 praebent.
517 3693 727 3761 aeorrsativum
759 3695 825 3759 tam
854 3691 1029 3775 frequenter
1057 3690 1195 3756 adhiberi
1223 3710 1257 3756 eo
1287 3692 1389 3776 magis

320 3799 449 3885 dignum
480 3806 526 3870 est
549 3806 668 3882 notatu,
701 3800 782 3884 quod
813 3802 888 3866 haeo
917 3801 1072 3864 structura
1096 3797 1176 3880 apud
1200 3797 1388 3880 antiquiores

320 3908 484 3993 scriptores
507 3914 562 3978 aut
585 3929 736 3994 nusquam
760 3908 882 3974 omnino
906 3909 961 3972 aut
984 3904 1138 3970 rarissime
1161 3905 1388 3991 invenitur¹⁶⁹h

320 4055 445 4062 ——-

392 4121 438 4194 119)
458 4121 498 4178 cf.
518 4122 588 4193 quod
608 4122 759 4192 Kruegerus
785 4121 814 4174 in
838 4119 907 4174 libro
926 4117 1041 4174 ‘Grieoh
1061 4116 1241 4187 Spraohlehre³
1256 4117 1293 4170 5Ι
1314 4119 1388 4188 568,

321 4211 392 4277 29,1
413 4212 489 4270 dicit:
518 4211 612 4266 ‘Lohal
637 4213 711 4268 steht
737 4228 764 4266 es
783 4207 871 4280 (ὑπὲρ)
890 4209 933 4264 bei
952 4208 1001 4262 den
1020 4206 1147 4262 Attikem
1173 4207 1224 4262 mit
1248 4207 1308 4262 dem
1327 4209 1388 4265 hcc.
