3134 4964
689 461 732 476 ὴ
779 427 821 492 m
868 463 912 475 -

698 623 903 707 Exempla.

329 758 361 823 Il
383 761 435 836 25,
457 759 477 824 3
510 752 602 840 ιἰπὲρ
633 757 665 820 δὲ
692 766 758 843 τῆς
781 753 922 844 Οἰνόης
949 753 1018 839 ὄρος
1040 752 1113 820 ἐοτίν
1135 751 1328 842 Ἀρτεμίσιον.

262 864 300 931 cf.
326 864 470 931 Curtium
492 864 515 930 l.
531 884 557 931 ο.
574 865 606 929 ΙΙ
628 883 657 946 p.
675 866 740 930 414
764 884 819 947 sq,
844 863 985 930 Bursian.
1004 864 1026 930 l.
1043 883 1070 929 c.
1087 864 1119 929 ll
1142 883 1172 946 p.
1191 866 1242 929 64.

329 972 361 1037 II
385 975 437 1053 25,
464 974 504 1037 10
532 968 592 1034 ἔστι
616 971 648 1034 δὲ
671 969 740 1054 δ’ρος
763 967 856 1054 ὑπὲρ
880 980 948 1057 τῆς
970 967 1134 1057 Λήσσης
1156 973 1188 1033 τὸ
1211 965 1328 1057 Ἀραχ-

260 1087 351 1147 ναῖον.
375 1079 414 1145 cf.
431 1077 517 1144 Ourt.
535 1079 557 1144 l.
574 1097 600 1143 c.
617 1078 650 1142 ll
674 1096 702 1160 p.
720 1079 795 1159 418,
820 1078 910 1142 Burs,
926 1077 948 1144 1.
966 1096 992 1141 c.
1009 1076 1041 1141 ll
1064 1097 1094 1160 p.
1112 1080 1165 1143 62.

329 1186 374 1251 IX
411 1187 465 1266 19,
501 1189 520 1252 3
554 1180 649 1269 ὑπὲρ
685 1184 717 1247 δὲ
746 1181 965 1256 Γλισᾶντός
994 1180 1067 1248 ἐστιν
1101 1182 1171 1268 ὄρος
1193 1181 1327 1256 Ὕπατος

260 1295 453 1380 καλοίμενον.
479 1292 518 1361 ol.
533 1293 575 1358 H.
597 1292 638 1358 N.
656 1290 804 1358 Ulriohsii
826 1287 945 1358 ‘Reisen
965 1311 996 1356 u.
1014 1291 1140 1358 Forsoh.
1156 1292 1177 1356 i.
1194 1288 1326 1359 Griech.³

256 1400 294 1468 11
317 1419 346 1484 p.
365 1404 406 1467 25
423 1420 499 1484 sqq,
524 1400 665 1465 Bursian.
682 1400 704 1463 l.
721 1399 780 1466 cI
803 1417 833 1482 p.
852 1401 925 1466 216.

328 1507 359 1573 X
382 1510 434 1586 22,
467 1508 486 1573 8
515 1505 646 1591 ἀτραπός
673 1504 733 1570 ἐστι
759 1506 807 1570 διὰ
830 1514 880 1570 τοῦ
904 1504 992 1590 ὄρους
1015 1516 1068 1594 τῆς
1089 1504 1180 1593 Οἴτης
1203 1509 1256 1591 ρία
1275 1508 1326 1591 μὲν

259 1612 279 1702 ἡ
303 1612 396 1698 ὑπὲρ
413 1611 627 1700 Τραχῖνος,
651 1611 802 1699 ἀπότομός
825 1614 1012 1708 condoletur
1031 1615 1083 1676 καὶ
1099 1611 1202 1697 ὄρθιος
1218 1611 1325 1683 δεινῶς.

231 1767 232 1770 ¹
259 1721 308 1787 hic
331 1722 445 1787 trames
468 1717 530 1806 μετ’
551 1716 627 1784 adr&
649 1724 685 1784 τὰ
708 1717 819 1804 ἐρείπια
843 1716 953 1806 (dicht
977 1720 1079 1786 hinter
1104 1720 1160 1785 den
1185 1716 1324 1798 Ruinen')

257 1831 295 1892 τὰ
318 1824 465 1914 Τραχῖνος
486 1828 598 1912 (Χ22,
617 1827 660 1915 1),
684 1847 762 1911 quae
784 1828 858 1893 urbs
880 1829 947 1893 erat
970 1828 1026 1893 sub
1042 1826 1137 1892 Oetae
1159 1825 1323 1905 radicibus,

258 1935 289 2000 in
312 1934 404 2000 huius
431 1935 544 2002 montis
571 1935 679 2019 iugum
713 1954 835 2000 sursum
868 1933 1027 2011 tendebat;
1060 1933 1141 2017 quod
1171 1952 1241 1999 oum
1269 1952 1325 2015 por

256 2045 379 2126 tompus
404 2041 527 2125 aliquod
550 2045 673 2108 secutus
696 2044 789 2120 esset,
814 2041 853 2106 ab
877 2042 1020 2107 orientali
1043 2040 1323 2124 Thermopylarum

256 2151 345 2233 parte
375 2148 414 2213 ad
447 2166 533 2214 oram
561 2148 762 2214 maritumam
779 2147 1004 2215 ‘descendebat
1034 2148 1072 2213 cf.
1097 2148 1187 2216 Burs.
1211 2147 1232 2211 l.
1258 2146 1322 2212 ol

256 2275 287 2340 p.
312 2258 354 2322 94
370 2274 414 2338 sq.

322 2363 353 2430 X
376 2365 429 2441 22,
456 2364 471 2428 1
498 2359 630 2446 ἀτραπὸς
652 2399 696 2409 -
717 2359 778 2447 μετ’
800 2359 876 2425 αὐτὰ
898 2365 934 2425 τὰ
949 2358 1059 2447 ἐρείπια
1074 2361 1176 2449 ἀνήκει
1190 2365 1227 2426 τὰ
1243 2359 1322 2445 Τρα-

259 2479 344 2557 χῖνος
360 2492 368 2508 ·
385 2467 421 2556 ἡν
449 2469 481 2533 δὲ
504 2472 554 2533 καὶ
574 2466 649 2554 ἱερὸν
672 2465 811 2557 Ἀθηνᾶς
834 2475 897 2533 τότε
920 2467 1016 2556 ὑπὲρ
1039 2480 1107 2554 τῆς
1130 2470 1322 2555 eorsum)

255 2574 441 2664 Τραχινίδος.
479 2577 635 2642 Minervae
659 2577 868 2656 Trachinidis,
901 2597 978 2661 quae
1000 2578 1182 2656 vocabatur,
1216 2576 1321 2642 aedem

255 2703 375 2768 supra
390 2683 571 2749 Trachinem
594 2684 781 2750 exstructam
804 2684 897 2750 fuisse
920 2684 990 2750 inde
1012 2684 1216 2770 intellegitur,
1240 2683 1321 2768 quod

254 2810 324 2856 eam
347 2810 405 2856 non
428 2790 535 2873 procul
557 2789 650 2856 fuisse
678 2791 716 2855 ab
740 2810 776 2857 aa
799 2791 864 2869 via,
892 2809 970 2873 quae
991 2786 1063 2874 ὑπὲρ
1087 2787 1234 2877 Τραχῖνος
1257 2810 1321 2858 esse

254 2896 367 2963 dicitur
389 2896 434 2984 (X
458 2899 511 2975 22,
536 2895 593 2982 8),
607 2915 641 2962 en
664 2897 730 2981 ipso
753 2897 907 2963 Pausania
930 2896 1070 2963 concludi
1093 2900 1205 2982 potest.

320 3004 353 3069 ΙΙ
378 3006 411 3081 1,
443 3005 462 3069 6
485 3000 634 3086 Βριάρεων
660 3002 692 3066 δὲ
713 3003 893 3091 διαλλακτὴν
913 3006 1050 3086 γενέσθαι
1071 3008 1175 3093 σφίσιν,
1199 3001 1319 3090 Ἰσθμὸν

175 3168 179 3175 .
252 3113 304 3195 μὲν
326 3113 378 3174 καί
400 3106 457 3172 ὅσα
478 3111 571 3192 ταίτρ
595 3109 755 3174 δικάσαντα
778 3107 849 3174 εἶναι
873 3108 1068 3188 Ποσειδῶνος,
1092 3114 1144 3198 τὴν
1168 3111 1201 3175 δὲ
1223 3110 1319 3196 ἄκραν

251 3214 343 3302 Ἡλίῳ
368 3216 454 3280 δόντα
476 3219 528 3303 τὴν
552 3212 618 3279 riui
626 3240 643 3302 ρ
666 3227 731 3303 τῆς
753 3219 906 3288 πόλεως
929 3216 1111 3305 (Corinthi),
1134 3219 1155 3284 i.
1180 3237 1207 3284 e.
1224 3218 1319 3285 Acro·

251 3323 436 3390 corinthum.
460 3322 499 3388 cf.
521 3323 551 3387 ll
575 3324 605 3402 4,
631 3325 660 3402 6,
685 3322 771 3389 Ourt.
791 3325 813 3392 l.
835 3344 860 3391 c.
885 3324 918 3389 ΙΙ
933 3344 964 3409 p.
981 3326 1046 3390 523
1063 3344 1118 3408 sq,
1143 3326 1233 3391 Burs.
1251 3325 1274 3390 l.
1290 3344 1316 3391 c.

250 3431 434 3514 dem

315 3537 392 3603 VIII
408 3540 460 3618 44,
477 3539 497 3604 5
521 3549 561 3622 τῷ
576 3539 661 3627 λόφῳ
678 3537 710 3600 δὲ
725 3548 765 3623 τῷ
781 3533 866 3622 ὑπὲρ
886 3548 949 3626 τῆς
971 3540 1120 3613 πόλεως
1141 3539 1318 3628 (Pallanti)

249 3640 306 3706 ὅσα
329 3641 488 3728 ἀκροπόλει
511 3648 543 3709 τὸ
567 3643 692 3732 ἀρχαῖον
714 3644 855 3732 ἐχρῶντο.
890 3648 928 3713 cf.
952 3647 1039 3714 Ourt.
1059 3647 1080 3713 l.
1103 3667 1129 3713 c.
1150 3649 1167 3713 I
1187 3667 1217 3732 p.
1240 3651 1316 3728 263,

249 3750 339 3815 Burs.
356 3750 379 3815 l.
395 3770 422 3819 o.
439 3751 470 3816 II
486 3771 517 3834 p.
535 3754 600 3817 223
616 3771 662 3835 sq.

314 3857 394 3923 VIII
420 3860 471 3938 12,
497 3861 516 3922 2
546 3859 720 3944 προελθόντι
752 3859 784 3923 δὲ
812 3860 948 3933 σταδίοις
972 3865 1128 3946 τριάκοντα
1155 3862 1254 3928 πεδίον
1282 3885 1315 3926 τε

317 4087 353 4159 ⁵⁰)
372 4089 429 4144 Hoc
447 4087 517 4144 enim
537 4088 693 4146 vocabulum
713 4091 838 4148 excidisse
857 4091 918 4148 SW.
937 4095 965 4148 ct
983 4091 1044 4149 Sch.
1066 4093 1124 4148 iuro
1143 4095 1313 4164 suspIcantur

247 4174 401 4249 Τραχινίδος
420 4195 465 4249 pro
485 4178 642 4248 cognomino
659 4179 794 4236 Minervae
811 4180 949 4239 habentos.
