<?xml version="1.0" encoding="UTF-8"?>
<!DOCTYPE html PUBLIC "-//W3C//DTD XHTML 1.0 Transitional//EN"
    "http://www.w3.org/TR/xhtml1/DTD/xhtml1-transitional.dtd">
<html xmlns="http://www.w3.org/1999/xhtml" xml:lang="en" lang="en">
 <head>
  <title>
</title>
<meta http-equiv="Content-Type" content="text/html;charset=utf-8" />
  <meta name='ocr-system' content='tesseract 3.04.00' />
  <meta name='ocr-capabilities' content='ocr_page ocr_carea ocr_par ocr_line ocrx_word'/>
</head>
<body>
  <div class='ocr_page' id='page_1' title='image "./depraepositioni00reitgoog_0046.png"; bbox 0 0 3134 4964; ppageno 0'>
   <div class='ocr_carea' id='block_1_1' title="bbox 671 450 891 517">
    <p class='ocr_par' dir='ltr' id='par_1_1' title="bbox 671 450 891 517">
     <span class='ocr_line' id='line_1_1' title="bbox 671 450 891 517; baseline -0.005 -15"><span class='ocrx_word' id='word_1_1' title='bbox 671 450 891 517; x_wconf 84' lang='lat'><strong>-39-</strong></span> 
     </span>
    </p>
   </div>
   <div class='ocr_carea' id='block_1_2' title="bbox 248 645 1318 1908">
    <p class='ocr_par' dir='ltr' id='par_1_2' title="bbox 248 645 1318 1908">
     <span class='ocr_line' id='line_1_2' title="bbox 248 645 1314 738; baseline -0.003 -24"><span class='ocrx_word' id='word_1_2' title='bbox 248 645 629 738; x_wconf 75' lang='grc' dir='ltr'>ρίιαυίνυτίνίυἈμρίκαια,</span> <span class='ocrx_word' id='word_1_3' title='bbox 638 647 878 724; x_wconf 89' lang='grc' dir='ltr'>πόλιςΦωκίδος,</span> <span class='ocrx_word' id='word_1_4' title='bbox 887 646 1060 718; x_wconf 90' lang='grc' dir='ltr'>Παυσανίας</span> <span class='ocrx_word' id='word_1_5' title='bbox 1068 647 1177 730; x_wconf 78' lang='grc' dir='ltr'>δεκάτῳ</span> <span class='ocrx_word' id='word_1_6' title='bbox 1186 645 1254 732; x_wconf 88' lang='grc'>(33,</span> <span class='ocrx_word' id='word_1_7' title='bbox 1264 646 1314 731; x_wconf 86' lang='grc'><strong>9);</strong></span> 
     </span>
     <span class='ocr_line' id='line_1_3' title="bbox 248 752 1316 843; baseline -0.002 -23"><span class='ocrx_word' id='word_1_8' title='bbox 248 755 384 840; x_wconf 80' lang='grc' dir='ltr'>Βέλβινα,</span> <span class='ocrx_word' id='word_1_9' title='bbox 394 758 478 829; x_wconf 81' lang='grc' dir='ltr'>πόλις</span> <span class='ocrx_word' id='word_1_10' title='bbox 488 753 661 843; x_wconf 80' lang='grc' dir='ltr'>Λακωνική,</span> <span class='ocrx_word' id='word_1_11' title='bbox 674 754 845 826; x_wconf 84' lang='grc' dir='ltr'>Παυσανίας</span> <span class='ocrx_word' id='word_1_12' title='bbox 855 752 951 840; x_wconf 95' lang='grc' dir='ltr'>ὀγδόῳ</span> <span class='ocrx_word' id='word_1_13' title='bbox 962 754 1033 841; x_wconf 86' lang='grc'>(35,</span> <span class='ocrx_word' id='word_1_14' title='bbox 1043 755 1078 836; x_wconf 73' lang='grc'>4,</span> <span class='ocrx_word' id='word_1_15' title='bbox 1091 754 1129 820; x_wconf 80' lang='lat' dir='ltr'><strong>al.</strong></span> <span class='ocrx_word' id='word_1_16' title='bbox 1142 754 1191 818; x_wconf 90' lang='lat' dir='ltr'><strong>Ill</strong></span> <span class='ocrx_word' id='word_1_17' title='bbox 1204 756 1256 830; x_wconf 89' lang='grc'>21,</span> <span class='ocrx_word' id='word_1_18' title='bbox 1266 753 1316 836; x_wconf 86' lang='grc'><strong>3);</strong></span> 
     </span>
     <span class='ocr_line' id='line_1_4' title="bbox 248 859 1317 949; baseline -0.004 -23"><span class='ocrx_word' id='word_1_19' title='bbox 248 859 372 949; x_wconf 81' lang='grc' dir='ltr'>Δρυμία,</span> <span class='ocrx_word' id='word_1_20' title='bbox 396 865 482 935; x_wconf 81' lang='grc' dir='ltr'>πόλις</span> <span class='ocrx_word' id='word_1_21' title='bbox 505 860 655 938; x_wconf 83' lang='grc' dir='ltr'>Φωκίδος,</span> <span class='ocrx_word' id='word_1_22' title='bbox 680 859 852 934; x_wconf 82' lang='grc' dir='ltr'>Παυσανίας</span> <span class='ocrx_word' id='word_1_23' title='bbox 867 859 885 925; x_wconf 87' lang='grc' dir='ltr'>ι’</span> <span class='ocrx_word' id='word_1_24' title='bbox 908 860 1065 947; x_wconf 79' lang='grc'>(33,12);</span> <span class='ocrx_word' id='word_1_25' title='bbox 1093 859 1210 935; x_wconf 78' lang='grc' dir='ltr'>Θεισόα,</span> <span class='ocrx_word' id='word_1_26' title='bbox 1233 861 1317 930; x_wconf 81' lang='grc' dir='ltr'>πόλις</span> 
     </span>
     <span class='ocr_line' id='line_1_5' title="bbox 248 964 1317 1054; baseline -0.004 -21"><span class='ocrx_word' id='word_1_27' title='bbox 248 966 422 1053; x_wconf 78' lang='grc' dir='ltr'>Ἀρκαδίας,</span> <span class='ocrx_word' id='word_1_28' title='bbox 447 968 620 1041; x_wconf 77' lang='grc' dir='ltr'>Παυσανίας</span> <span class='ocrx_word' id='word_1_29' title='bbox 642 965 739 1052; x_wconf 89' lang='grc' dir='ltr'>ὀγδόιρ</span> <span class='ocrx_word' id='word_1_30' title='bbox 764 971 830 1052; x_wconf 73' lang='grc'>(27,</span> <span class='ocrx_word' id='word_1_31' title='bbox 847 967 899 1054; x_wconf 84' lang='grc'><strong>4);</strong></span> <span class='ocrx_word' id='word_1_32' title='bbox 924 965 1091 1040; x_wconf 83' lang='grc' dir='ltr'>Μεσοαπία,</span> <span class='ocrx_word' id='word_1_33' title='bbox 1115 970 1202 1054; x_wconf 82' lang='grc' dir='ltr'>χώρα</span> <span class='ocrx_word' id='word_1_34' title='bbox 1218 964 1317 1030; x_wconf 84' lang='grc' dir='ltr'>Ἰαπυ-</span> 
     </span>
     <span class='ocr_line' id='line_1_6' title="bbox 248 1073 1317 1164; baseline -0.004 -23"><span class='ocrx_word' id='word_1_35' title='bbox 248 1082 314 1159; x_wconf 91' lang='grc' dir='ltr'>γίας</span> <span class='ocrx_word' id='word_1_36' title='bbox 336 1080 487 1164; x_wconf 81' lang='grc' dir='ltr'>προσεχὴς</span> <span class='ocrx_word' id='word_1_37' title='bbox 503 1074 639 1161; x_wconf 86' lang='grc' dir='ltr'>Τάραντι.</span> <span class='ocrx_word' id='word_1_38' title='bbox 675 1079 707 1140; x_wconf 83' lang='grc' dir='ltr'><strong>τό</strong></span> <span class='ocrx_word' id='word_1_39' title='bbox 723 1073 840 1140; x_wconf 82' lang='grc' dir='ltr'>ἐθνικόν</span> <span class='ocrx_word' id='word_1_40' title='bbox 857 1077 1043 1147; x_wconf 84' lang='grc' dir='ltr'>Μεσσάπιος.</span> <span class='ocrx_word' id='word_1_41' title='bbox 1076 1074 1248 1147; x_wconf 85' lang='grc' dir='ltr'>Παυσανίας</span> <span class='ocrx_word' id='word_1_42' title='bbox 1269 1075 1317 1138; x_wconf 81' lang='grc' dir='ltr'><strong>δε-</strong></span> 
     </span>
     <span class='ocr_line' id='line_1_7' title="bbox 249 1182 1317 1268; baseline 0.002 -24"><span class='ocrx_word' id='word_1_43' title='bbox 249 1187 331 1267; x_wconf 80' lang='grc' dir='ltr'>κάτῳ</span> <span class='ocrx_word' id='word_1_44' title='bbox 355 1183 422 1266; x_wconf 88' lang='grc'>(10,</span> <span class='ocrx_word' id='word_1_45' title='bbox 440 1185 489 1268; x_wconf 87' lang='lat'><strong>6),</strong></span> <span class='ocrx_word' id='word_1_46' title='bbox 518 1183 697 1266; x_wconf 87' lang='lat' dir='ltr'><strong>praesertim</strong></span> <span class='ocrx_word' id='word_1_47' title='bbox 725 1183 751 1248; x_wconf 88' lang='lat' dir='ltr'><strong>si</strong></span> <span class='ocrx_word' id='word_1_48' title='bbox 779 1185 957 1267; x_wconf 80' lang='lat' dir='ltr'><strong>cognouerit</strong></span> <span class='ocrx_word' id='word_1_49' title='bbox 984 1184 1174 1267; x_wconf 88' lang='lat' dir='ltr'><strong>periegetam</strong></span> <span class='ocrx_word' id='word_1_50' title='bbox 1198 1182 1236 1247; x_wconf 90' lang='lat' dir='ltr'><strong>ab</strong></span> <span class='ocrx_word' id='word_1_51' title='bbox 1259 1183 1317 1246; x_wconf 88' lang='lat' dir='ltr'><strong>hoe</strong></span> 
     </span>
     <span class='ocr_line' id='line_1_8' title="bbox 249 1287 1316 1375; baseline -0.001 -21"><span class='ocrx_word' id='word_1_52' title='bbox 249 1289 464 1374; x_wconf 75' lang='lat' dir='ltr'><strong>lexicographo</strong></span> <span class='ocrx_word' id='word_1_53' title='bbox 497 1290 617 1372; x_wconf 88' lang='lat' dir='ltr'><strong>saepius</strong></span> <span class='ocrx_word' id='word_1_54' title='bbox 648 1309 758 1372; x_wconf 88' lang='lat' dir='ltr'><strong>neque,</strong></span> <span class='ocrx_word' id='word_1_55' title='bbox 792 1289 884 1373; x_wconf 87' lang='lat' dir='ltr'><strong>quod·</strong></span> <span class='ocrx_word' id='word_1_56' title='bbox 906 1289 944 1355; x_wconf 88' lang='lat' dir='ltr'><strong>ad</strong></span> <span class='ocrx_word' id='word_1_57' title='bbox 977 1290 1108 1354; x_wconf 80' lang='lat' dir='ltr'><strong>sormam</strong></span> <span class='ocrx_word' id='word_1_58' title='bbox 1119 1287 1176 1375; x_wconf 82' lang='lat'><strong>⁸⁸),</strong></span> <span class='ocrx_word' id='word_1_59' title='bbox 1209 1307 1316 1370; x_wconf 88' lang='lat' dir='ltr'><strong>neque,</strong></span> 
     </span>
     <span class='ocr_line' id='line_1_9' title="bbox 250 1395 1318 1481; baseline 0 -22"><span class='ocrx_word' id='word_1_60' title='bbox 250 1395 331 1479; x_wconf 90' lang='lat' dir='ltr'><strong>quod</strong></span> <span class='ocrx_word' id='word_1_61' title='bbox 363 1395 402 1460; x_wconf 89' lang='lat' dir='ltr'><strong>ad</strong></span> <span class='ocrx_word' id='word_1_62' title='bbox 434 1415 499 1462; x_wconf 93' lang='lat' dir='ltr'><strong>rem</strong></span> <span class='ocrx_word' id='word_1_63' title='bbox 509 1396 550 1481; x_wconf 79' lang='grc'><strong>89)</strong></span> <span class='ocrx_word' id='word_1_64' title='bbox 582 1397 708 1473; x_wconf 77' lang='lat' dir='ltr'><strong>attinet,</strong></span> <span class='ocrx_word' id='word_1_65' title='bbox 741 1396 908 1480; x_wconf 85' lang='lat' dir='ltr'><strong>diligenter</strong></span> <span class='ocrx_word' id='word_1_66' title='bbox 940 1397 1041 1462; x_wconf 84' lang='lat' dir='ltr'><strong>citari.</strong></span> <span class='ocrx_word' id='word_1_67' title='bbox 1076 1395 1204 1473; x_wconf 83' lang='lat' dir='ltr'><strong>aceedit,</strong></span> <span class='ocrx_word' id='word_1_68' title='bbox 1237 1395 1318 1478; x_wconf 91' lang='lat' dir='ltr'><strong>quod</strong></span> 
     </span>
     <span class='ocr_line' id='line_1_10' title="bbox 250 1502 1317 1588; baseline 0.001 -21"><span class='ocrx_word' id='word_1_69' title='bbox 250 1505 352 1571; x_wconf 90' lang='lat' dir='ltr'><strong>nostro</strong></span> <span class='ocrx_word' id='word_1_70' title='bbox 384 1503 450 1569; x_wconf 84' lang='lat' dir='ltr'><strong>loco</strong></span> <span class='ocrx_word' id='word_1_71' title='bbox 486 1522 545 1568; x_wconf 92' lang='lat' dir='ltr'><strong>uon</strong></span> <span class='ocrx_word' id='word_1_72' title='bbox 581 1504 617 1569; x_wconf 94' lang='lat' dir='ltr'><strong>de</strong></span> <span class='ocrx_word' id='word_1_73' title='bbox 650 1504 833 1587; x_wconf 81' lang='lat' dir='ltr'><strong>Bithyniae,</strong></span> <span class='ocrx_word' id='word_1_74' title='bbox 871 1523 975 1569; x_wconf 86' lang='lat' dir='ltr'><strong>verum</strong></span> <span class='ocrx_word' id='word_1_75' title='bbox 1010 1503 1047 1568; x_wconf 89' lang='lat' dir='ltr'><strong>de</strong></span> <span class='ocrx_word' id='word_1_76' title='bbox 1080 1502 1220 1588; x_wconf 75' lang='lat' dir='ltr'><strong>Bithynii</strong></span> <span class='ocrx_word' id='word_1_77' title='bbox 1256 1503 1317 1569; x_wconf 86' lang='lat' dir='ltr'><strong>situ</strong></span> 
     </span>
     <span class='ocr_line' id='line_1_11' title="bbox 250 1609 1318 1694; baseline 0 -20"><span class='ocrx_word' id='word_1_78' title='bbox 250 1611 365 1694; x_wconf 83' lang='lat' dir='ltr'><strong>agitur.</strong></span> <span class='ocrx_word' id='word_1_79' title='bbox 401 1611 480 1676; x_wconf 89' lang='lat' dir='ltr'><strong>unde</strong></span> <span class='ocrx_word' id='word_1_80' title='bbox 504 1630 687 1693; x_wconf 83' lang='lat' dir='ltr'><strong>consequens</strong></span> <span class='ocrx_word' id='word_1_81' title='bbox 711 1613 767 1690; x_wconf 87' lang='lat' dir='ltr'><strong>est,</strong></span> <span class='ocrx_word' id='word_1_82' title='bbox 790 1614 827 1675; x_wconf 90' lang='lat' dir='ltr'><strong>ut</strong></span> <span class='ocrx_word' id='word_1_83' title='bbox 847 1612 907 1675; x_wconf 90' lang='lat' dir='ltr'><strong>ista</strong></span> <span class='ocrx_word' id='word_1_84' title='bbox 922 1612 1003 1693; x_wconf 87' lang='lat' dir='ltr'><strong>apud</strong></span> <span class='ocrx_word' id='word_1_85' title='bbox 1019 1609 1209 1693; x_wconf 82' lang='lat' dir='ltr'><strong>Stephanum</strong></span> <span class='ocrx_word' id='word_1_86' title='bbox 1225 1610 1318 1676; x_wconf 86' lang='lat' dir='ltr'><strong>verba</strong></span> 
     </span>
     <span class='ocr_line' id='line_1_12' title="bbox 249 1713 1318 1801; baseline 0.001 -22"><span class='ocrx_word' id='word_1_87' title='bbox 249 1717 333 1787; x_wconf 87' lang='grc' dir='ltr'>πόλις</span> <span class='ocrx_word' id='word_1_88' title='bbox 356 1713 498 1789; x_wconf 57' lang='lat' dir='ltr'><strong>Brauon&lt;</strong></span> <span class='ocrx_word' id='word_1_89' title='bbox 522 1737 580 1783; x_wconf 92' lang='lat' dir='ltr'><strong>non</strong></span> <span class='ocrx_word' id='word_1_90' title='bbox 603 1737 638 1783; x_wconf 83' lang='lat' dir='ltr'><strong>er</strong></span> <span class='ocrx_word' id='word_1_91' title='bbox 654 1717 808 1781; x_wconf 85' lang='lat' dir='ltr'><strong>Pausania</strong></span> <span class='ocrx_word' id='word_1_92' title='bbox 831 1718 952 1796; x_wconf 85' lang='lat' dir='ltr'><strong>hausta,</strong></span> <span class='ocrx_word' id='word_1_93' title='bbox 976 1718 1029 1783; x_wconf 91' lang='lat' dir='ltr'><strong>sed</strong></span> <span class='ocrx_word' id='word_1_94' title='bbox 1052 1717 1148 1801; x_wconf 87' lang='lat' dir='ltr'><strong>ipsius</strong></span> <span class='ocrx_word' id='word_1_95' title='bbox 1164 1717 1318 1801; x_wconf 85' lang='lat' dir='ltr'><strong>&#39;Stephani</strong></span> 
     </span>
     <span class='ocr_line' id='line_1_13' title="bbox 250 1824 1318 1908; baseline -0.001 -19"><span class='ocrx_word' id='word_1_96' title='bbox 250 1825 326 1902; x_wconf 87' lang='lat' dir='ltr'><strong>siut,</strong></span> <span class='ocrx_word' id='word_1_97' title='bbox 358 1826 410 1906; x_wconf 91' lang='lat' dir='ltr'><strong>qui</strong></span> <span class='ocrx_word' id='word_1_98' title='bbox 442 1825 531 1890; x_wconf 81' lang='lat' dir='ltr'><strong>facile</strong></span> <span class='ocrx_word' id='word_1_99' title='bbox 562 1843 597 1889; x_wconf 91' lang='lat' dir='ltr'><strong>ea</strong></span> <span class='ocrx_word' id='word_1_100' title='bbox 625 1825 766 1908; x_wconf 86' lang='lat' dir='ltr'><strong>supplere</strong></span> <span class='ocrx_word' id='word_1_101' title='bbox 796 1827 931 1907; x_wconf 89' lang='lat' dir='ltr'><strong>poterat,</strong></span> <span class='ocrx_word' id='word_1_102' title='bbox 964 1825 990 1889; x_wconf 91' lang='lat' dir='ltr'><strong>si</strong></span> <span class='ocrx_word' id='word_1_103' title='bbox 1020 1824 1101 1907; x_wconf 89' lang='lat' dir='ltr'><strong>apud</strong></span> <span class='ocrx_word' id='word_1_104' title='bbox 1129 1824 1318 1906; x_wconf 87' lang='lat' dir='ltr'><strong>periegetam</strong></span> 
     </span>
    </p>
   </div>
   <div class='ocr_carea' id='block_1_3' title="bbox 249 1929 1318 2445">
    <p class='ocr_par' dir='ltr' id='par_1_3' title="bbox 249 1929 1318 2445">
     <span class='ocr_line' id='line_1_14' title="bbox 250 1929 1318 2016; baseline -0.001 -21"><span class='ocrx_word' id='word_1_105' title='bbox 250 1931 388 2016; x_wconf 81' lang='lat' dir='ltr'><strong>legebat,</strong></span> <span class='ocrx_word' id='word_1_106' title='bbox 412 1931 493 2014; x_wconf 89' lang='lat' dir='ltr'><strong>quod</strong></span> <span class='ocrx_word' id='word_1_107' title='bbox 516 1931 701 2015; x_wconf 80' lang='lat' dir='ltr'><strong>Sylburgius</strong></span> <span class='ocrx_word' id='word_1_108' title='bbox 724 1931 806 1998; x_wconf 88' lang='lat' dir='ltr'><strong>feliei</strong></span> <span class='ocrx_word' id='word_1_109' title='bbox 829 1932 1003 1999; x_wconf 84' lang='lat' dir='ltr'><strong>coniectura</strong></span> <span class='ocrx_word' id='word_1_110' title='bbox 1026 1931 1177 1997; x_wconf 88' lang='lat' dir='ltr'><strong>restituit:</strong></span> <span class='ocrx_word' id='word_1_111' title='bbox 1207 1929 1242 1995; x_wconf 82' lang='grc' dir='ltr'>ἐκ</span> <span class='ocrx_word' id='word_1_112' title='bbox 1266 1933 1318 1995; x_wconf 90' lang='grc' dir='ltr'>Βι-</span> 
     </span>
     <span class='ocr_line' id='line_1_15' title="bbox 249 2035 1318 2126; baseline 0 -25"><span class='ocrx_word' id='word_1_113' title='bbox 249 2041 360 2102; x_wconf 78' lang='grc' dir='ltr'>θυνίου</span> <span class='ocrx_word' id='word_1_114' title='bbox 390 2049 443 2126; x_wconf 74' lang='grc' dir='ltr'>τῆς</span> <span class='ocrx_word' id='word_1_115' title='bbox 472 2036 544 2124; x_wconf 76' lang='grc' dir='ltr'>ὑπὲρ</span> <span class='ocrx_word' id='word_1_116' title='bbox 573 2035 606 2103; x_wconf 81' lang='grc' dir='ltr'><strong>Σ.</strong></span> <span class='ocrx_word' id='word_1_117' title='bbox 630 2048 773 2125; x_wconf 80' lang='grc' dir='ltr'>ποταμοῦ.</span> <span class='ocrx_word' id='word_1_118' title='bbox 811 2039 958 2104; x_wconf 88' lang='lat' dir='ltr'><strong>nimirum</strong></span> <span class='ocrx_word' id='word_1_119' title='bbox 990 2038 1070 2123; x_wconf 88' lang='lat' dir='ltr'><strong>quod</strong></span> <span class='ocrx_word' id='word_1_120' title='bbox 1100 2039 1131 2103; x_wconf 89' lang='lat' dir='ltr'><strong>in</strong></span> <span class='ocrx_word' id='word_1_121' title='bbox 1163 2038 1318 2104; x_wconf 83' lang='lat' dir='ltr'><strong>codicibus</strong></span> 
     </span>
     <span class='ocr_line' id='line_1_16' title="bbox 250 2143 1318 2230; baseline -0.003 -20"><span class='ocrx_word' id='word_1_122' title='bbox 250 2146 400 2230; x_wconf 87' lang='lat' dir='ltr'><strong>legimus,</strong></span> <span class='ocrx_word' id='word_1_123' title='bbox 433 2146 471 2212; x_wconf 89' lang='lat' dir='ltr'><strong>ab</strong></span> <span class='ocrx_word' id='word_1_124' title='bbox 505 2146 608 2228; x_wconf 87' lang='lat' dir='ltr'><strong>inepto</strong></span> <span class='ocrx_word' id='word_1_125' title='bbox 644 2147 776 2228; x_wconf 88' lang='lat' dir='ltr'><strong>quodam</strong></span> <span class='ocrx_word' id='word_1_126' title='bbox 809 2146 935 2212; x_wconf 89' lang='lat' dir='ltr'><strong>librario</strong></span> <span class='ocrx_word' id='word_1_127' title='bbox 965 2146 1063 2226; x_wconf 85' lang='lat' dir='ltr'><strong>venit,</strong></span> <span class='ocrx_word' id='word_1_128' title='bbox 1096 2146 1149 2228; x_wconf 90' lang='lat' dir='ltr'><strong>qui</strong></span> <span class='ocrx_word' id='word_1_129' title='bbox 1179 2143 1318 2209; x_wconf 82' lang='grc' dir='ltr'>Βιθυνίου</span> 
     </span>
     <span class='ocr_line' id='line_1_17' title="bbox 250 2251 1318 2340; baseline -0.002 -22"><span class='ocrx_word' id='word_1_130' title='bbox 250 2255 374 2336; x_wconf 91' lang='lat' dir='ltr'><strong>propter</strong></span> <span class='ocrx_word' id='word_1_131' title='bbox 394 2254 553 2337; x_wconf 88' lang='lat' dir='ltr'><strong>insequens</strong></span> <span class='ocrx_word' id='word_1_132' title='bbox 573 2262 626 2340; x_wconf 76' lang='grc' dir='ltr'>τῆς</span> <span class='ocrx_word' id='word_1_133' title='bbox 644 2254 675 2318; x_wconf 92' lang='lat' dir='ltr'><strong>in</strong></span> <span class='ocrx_word' id='word_1_134' title='bbox 691 2252 833 2324; x_wconf 78' lang='grc' dir='ltr'>Βιθυνίας</span> <span class='ocrx_word' id='word_1_135' title='bbox 851 2253 1036 2319; x_wconf 88' lang='lat' dir='ltr'><strong>mutandum</strong></span> <span class='ocrx_word' id='word_1_136' title='bbox 1056 2258 1119 2319; x_wconf 89' lang='lat' dir='ltr'><strong>esse</strong></span> <span class='ocrx_word' id='word_1_137' title='bbox 1134 2251 1318 2338; x_wconf 77' lang='lat' dir='ltr'><strong>putaret⁹⁰).</strong></span> 
     </span>
     <span class='ocr_line' id='line_1_18' title="bbox 250 2358 1318 2445; baseline -0.001 -21"><span class='ocrx_word' id='word_1_138' title='bbox 250 2359 313 2426; x_wconf 88' lang='lat' dir='ltr'><strong>iam</strong></span> <span class='ocrx_word' id='word_1_139' title='bbox 341 2379 412 2425; x_wconf 90' lang='lat' dir='ltr'><strong>vero</strong></span> <span class='ocrx_word' id='word_1_140' title='bbox 442 2360 625 2445; x_wconf 81' lang='lat' dir='ltr'><strong>Bithyniam</strong></span> <span class='ocrx_word' id='word_1_141' title='bbox 654 2380 764 2444; x_wconf 85' lang='lat' dir='ltr'><strong>supra</strong></span> <span class='ocrx_word' id='word_1_142' title='bbox 786 2360 984 2444; x_wconf 82' lang='lat' dir='ltr'><strong>Sangarium,</strong></span> <span class='ocrx_word' id='word_1_143' title='bbox 1013 2361 1034 2425; x_wconf 90' lang='lat' dir='ltr'><strong>i.</strong></span> <span class='ocrx_word' id='word_1_144' title='bbox 1055 2379 1082 2425; x_wconf 89' lang='lat' dir='ltr'><strong>e.</strong></span> <span class='ocrx_word' id='word_1_145' title='bbox 1103 2360 1167 2425; x_wconf 86' lang='lat' dir='ltr'><strong>eius</strong></span> <span class='ocrx_word' id='word_1_146' title='bbox 1195 2358 1318 2438; x_wconf 89' lang='lat' dir='ltr'><strong>vallem,</strong></span> 
     </span>
    </p>
   </div>
   <div class='ocr_carea' id='block_1_4' title="bbox 251 2466 1320 3194">
    <p class='ocr_par' dir='ltr' id='par_1_4' title="bbox 251 2466 1320 2868">
     <span class='ocr_line' id='line_1_19' title="bbox 251 2466 1320 2551; baseline -0.001 -19"><span class='ocrx_word' id='word_1_147' title='bbox 251 2467 282 2532; x_wconf 94' lang='lat' dir='ltr'><strong>in</strong></span> <span class='ocrx_word' id='word_1_148' title='bbox 306 2466 417 2534; x_wconf 83' lang='lat' dir='ltr'><strong>Salona</strong></span> <span class='ocrx_word' id='word_1_149' title='bbox 440 2486 548 2549; x_wconf 87' lang='lat' dir='ltr'><strong>eampo</strong></span> <span class='ocrx_word' id='word_1_150' title='bbox 571 2466 697 2533; x_wconf 88' lang='lat' dir='ltr'><strong>sublimi</strong></span> <span class='ocrx_word' id='word_1_151' title='bbox 726 2469 804 2533; x_wconf 85' lang='lat' dir='ltr'><strong>erat.</strong></span> <span class='ocrx_word' id='word_1_152' title='bbox 839 2468 878 2533; x_wconf 86' lang='lat' dir='ltr'><strong>ef.</strong></span> <span class='ocrx_word' id='word_1_153' title='bbox 899 2467 990 2551; x_wconf 84' lang='lat' dir='ltr'><strong>Kiep.</strong></span> <span class='ocrx_word' id='word_1_154' title='bbox 1013 2467 1035 2533; x_wconf 93' lang='lat' dir='ltr'><strong>l.</strong></span> <span class='ocrx_word' id='word_1_155' title='bbox 1057 2487 1083 2534; x_wconf 85' lang='lat' dir='ltr'><strong>a.</strong></span> <span class='ocrx_word' id='word_1_156' title='bbox 1104 2486 1133 2549; x_wconf 90' lang='lat' dir='ltr'><strong>p.</strong></span> <span class='ocrx_word' id='word_1_157' title='bbox 1157 2467 1215 2544; x_wconf 88' lang='grc'><strong>99,</strong></span> <span class='ocrx_word' id='word_1_158' title='bbox 1239 2467 1320 2531; x_wconf 87' lang='lat' dir='ltr'><strong>eius-</strong></span> 
     </span>
     <span class='ocr_line' id='line_1_20' title="bbox 251 2570 1320 2660; baseline -0.003 -20"><span class='ocrx_word' id='word_1_159' title='bbox 251 2574 320 2640; x_wconf 86' lang='lat' dir='ltr'><strong>dem</strong></span> <span class='ocrx_word' id='word_1_160' title='bbox 343 2570 418 2639; x_wconf 77' lang='lat' dir='ltr'><strong>‘nrt</strong></span> <span class='ocrx_word' id='word_1_161' title='bbox 440 2570 514 2640; x_wconf 68' lang='lat' dir='ltr'><strong>ant?</strong></span> <span class='ocrx_word' id='word_1_162' title='bbox 537 2575 600 2640; x_wconf 90' lang='lat' dir='ltr'><strong>tab.</strong></span> <span class='ocrx_word' id='word_1_163' title='bbox 623 2575 677 2654; x_wconf 87' lang='lat' dir='ltr'><strong>IV,</strong></span> <span class='ocrx_word' id='word_1_164' title='bbox 701 2574 838 2660; x_wconf 87' lang='lat' dir='ltr'><strong>Lolling.</strong></span> <span class='ocrx_word' id='word_1_165' title='bbox 859 2574 880 2642; x_wconf 98' lang='lat' dir='ltr'><strong>l.</strong></span> <span class='ocrx_word' id='word_1_166' title='bbox 902 2593 929 2643; x_wconf 87' lang='lat' dir='ltr'><strong>e.</strong></span> <span class='ocrx_word' id='word_1_167' title='bbox 951 2596 981 2659; x_wconf 91' lang='lat' dir='ltr'><strong>p.</strong></span> <span class='ocrx_word' id='word_1_168' title='bbox 999 2577 1074 2650; x_wconf 82' lang='lat'><strong>261,</strong></span> <span class='ocrx_word' id='word_1_169' title='bbox 1098 2574 1215 2641; x_wconf 86' lang='lat' dir='ltr'><strong>similes</strong></span> <span class='ocrx_word' id='word_1_170' title='bbox 1238 2573 1320 2638; x_wconf 83' lang='lat' dir='ltr'><strong>locos</strong></span> 
     </span>
     <span class='ocr_line' id='line_1_21' title="bbox 251 2680 1320 2764; baseline -0.003 -16"><span class='ocrx_word' id='word_1_171' title='bbox 251 2700 343 2764; x_wconf 89' lang='lat' dir='ltr'><strong>supra</strong></span> <span class='ocrx_word' id='word_1_172' title='bbox 370 2682 522 2747; x_wconf 83' lang='lat' dir='ltr'><strong>tractatos</strong></span> <span class='ocrx_word' id='word_1_173' title='bbox 553 2681 566 2745; x_wconf 92' lang='lat'><em>1</em></span> <span class='ocrx_word' id='word_1_174' title='bbox 596 2684 647 2763; x_wconf 86' lang='lat'><strong>10,</strong></span> <span class='ocrx_word' id='word_1_175' title='bbox 670 2683 690 2747; x_wconf 87' lang='lat'>4</span> <span class='ocrx_word' id='word_1_176' title='bbox 718 2681 746 2746; x_wconf 86' lang='lat' dir='ltr'>V</span> <span class='ocrx_word' id='word_1_177' title='bbox 772 2683 858 2764; x_wconf 85' lang='lat'>13‚3</span> <span class='ocrx_word' id='word_1_178' title='bbox 889 2682 949 2747; x_wconf 91' lang='lat' dir='ltr'><strong>Vll</strong></span> <span class='ocrx_word' id='word_1_179' title='bbox 975 2685 1060 2759; x_wconf 86' lang='grc'>16,1</span> <span class='ocrx_word' id='word_1_180' title='bbox 1091 2681 1169 2746; x_wconf 89' lang='lat' dir='ltr'><strong>Vlll</strong></span> <span class='ocrx_word' id='word_1_181' title='bbox 1193 2682 1262 2759; x_wconf 81' lang='lat' dir='ltr'><strong>l,9</strong></span> <span class='ocrx_word' id='word_1_182' title='bbox 1289 2680 1320 2745; x_wconf 90' lang='lat' dir='ltr'>X</span> 
     </span>
     <span class='ocr_line' id='line_1_22' title="bbox 252 2791 528 2868; baseline -0.011 -13"><span class='ocrx_word' id='word_1_183' title='bbox 252 2792 304 2867; x_wconf 77' lang='lat'><strong>25,</strong></span> <span class='ocrx_word' id='word_1_184' title='bbox 323 2791 380 2864; x_wconf 74' lang='lat'><strong>103</strong></span> <span class='ocrx_word' id='word_1_185' title='bbox 405 2791 458 2868; x_wconf 87' lang='lat'><strong>32,</strong></span> <span class='ocrx_word' id='word_1_186' title='bbox 477 2791 528 2854; x_wconf 87' lang='lat'><strong>13.</strong></span> 
     </span>
    </p>

    <p class='ocr_par' dir='ltr' id='par_1_5' title="bbox 251 2891 1320 3194">
     <span class='ocr_line' id='line_1_23' title="bbox 318 2891 1319 2983; baseline -0.003 -22"><span class='ocrx_word' id='word_1_187' title='bbox 318 2895 367 2961; x_wconf 89' lang='grc' dir='ltr'><strong>ΙΙΙ</strong></span> <span class='ocrx_word' id='word_1_188' title='bbox 394 2899 444 2977; x_wconf 91' lang='grc'>19,</span> <span class='ocrx_word' id='word_1_189' title='bbox 467 2898 485 2963; x_wconf 85' lang='grc'><strong>7</strong></span> <span class='ocrx_word' id='word_1_190' title='bbox 510 2898 573 2980; x_wconf 85' lang='grc' dir='ltr'>πρίν</span> <span class='ocrx_word' id='word_1_191' title='bbox 597 2896 629 2959; x_wconf 82' lang='grc' dir='ltr'><strong>δὲ</strong></span> <span class='ocrx_word' id='word_1_192' title='bbox 652 2893 672 2982; x_wconf 85' lang='grc' dir='ltr'>ἢ</span> <span class='ocrx_word' id='word_1_193' title='bbox 697 2896 829 2983; x_wconf 69' lang='grc' dir='ltr'>διαβῆναι</span> <span class='ocrx_word' id='word_1_194' title='bbox 853 2899 900 2961; x_wconf 88' lang='grc' dir='ltr'>τὸν</span> <span class='ocrx_word' id='word_1_195' title='bbox 924 2892 1078 2981; x_wconf 82' lang='grc' dir='ltr'>Εόρώταν,</span> <span class='ocrx_word' id='word_1_196' title='bbox 1104 2892 1201 2977; x_wconf 89' lang='grc' dir='ltr'>ὀλίγον</span> <span class='ocrx_word' id='word_1_197' title='bbox 1228 2891 1319 2979; x_wconf 76' lang='grc' dir='ltr'>ὑπὲρ</span> 
     </span>
     <span class='ocr_line' id='line_1_24' title="bbox 251 2999 1320 3089; baseline 0.001 -24"><span class='ocrx_word' id='word_1_198' title='bbox 251 3012 317 3088; x_wconf 77' lang='grc' dir='ltr'>τῆς</span> <span class='ocrx_word' id='word_1_199' title='bbox 340 3000 468 3089; x_wconf 79' lang='grc' dir='ltr'>ὄχθης</span> <span class='ocrx_word' id='word_1_200' title='bbox 490 2999 566 3087; x_wconf 82' lang='grc' dir='ltr'>ἱερὸν</span> <span class='ocrx_word' id='word_1_201' title='bbox 590 2999 733 3066; x_wconf 79' lang='grc' dir='ltr'>δείκνυται</span> <span class='ocrx_word' id='word_1_202' title='bbox 755 2999 825 3075; x_wconf 86' lang='grc' dir='ltr'>Διὸς</span> <span class='ocrx_word' id='word_1_203' title='bbox 849 3002 1008 3067; x_wconf 83' lang='grc' dir='ltr'>Πλουσίου.</span> <span class='ocrx_word' id='word_1_204' title='bbox 1044 3001 1320 3070; x_wconf 77' lang='lat' dir='ltr'><strong>cf.Cu1·t.l.r.ll</strong></span> 
     </span>
     <span class='ocr_line' id='line_1_25' title="bbox 252 3110 768 3194; baseline -0.004 -18"><span class='ocrx_word' id='word_1_205' title='bbox 252 3130 282 3193; x_wconf 94' lang='lat' dir='ltr'><strong>p.</strong></span> <span class='ocrx_word' id='word_1_206' title='bbox 300 3111 375 3190; x_wconf 82' lang='lat'><strong>239,</strong></span> <span class='ocrx_word' id='word_1_207' title='bbox 400 3110 490 3176; x_wconf 88' lang='lat' dir='ltr'><strong>Burs.</strong></span> <span class='ocrx_word' id='word_1_208' title='bbox 507 3110 529 3176; x_wconf 88' lang='lat'><strong>1.</strong></span> <span class='ocrx_word' id='word_1_209' title='bbox 546 3129 572 3175; x_wconf 90' lang='lat' dir='ltr'><strong>o.</strong></span> <span class='ocrx_word' id='word_1_210' title='bbox 589 3111 621 3175; x_wconf 94' lang='grc' dir='ltr'><strong>ΙΙ</strong></span> <span class='ocrx_word' id='word_1_211' title='bbox 644 3131 674 3194; x_wconf 91' lang='lat' dir='ltr'><strong>p.</strong></span> <span class='ocrx_word' id='word_1_212' title='bbox 694 3113 768 3178; x_wconf 83' lang='lat'><strong>128.</strong></span> 
     </span>
    </p>
   </div>
   <div class='ocr_carea' id='block_1_5' title="bbox 253 3375 1323 4268">
    <p class='ocr_par' dir='ltr' id='par_1_6' title="bbox 328 3375 1046 3448">
     <span class='ocr_line' id='line_1_26' title="bbox 328 3375 1046 3448; baseline 0.001 -16"><span class='ocrx_word' id='word_1_213' title='bbox 328 3375 361 3445; x_wconf 80' lang='lat'><strong>⁸⁸)</strong></span> <span class='ocrx_word' id='word_1_214' title='bbox 382 3376 423 3433; x_wconf 76' lang='lat' dir='ltr'><strong>df.</strong></span> <span class='ocrx_word' id='word_1_215' title='bbox 442 3377 540 3432; x_wconf 84' lang='lat' dir='ltr'><strong>lemma</strong></span> <span class='ocrx_word' id='word_1_216' title='bbox 559 3375 727 3448; x_wconf 70' lang='grc' dir='ltr'>Ἀραιθυρέα</span> <span class='ocrx_word' id='word_1_217' title='bbox 745 3392 804 3432; x_wconf 86' lang='lat' dir='ltr'><strong>aum</strong></span> <span class='ocrx_word' id='word_1_218' title='bbox 825 3376 902 3435; x_wconf 79' lang='lat' dir='ltr'><strong>Pons.</strong></span> <span class='ocrx_word' id='word_1_219' title='bbox 922 3377 949 3432; x_wconf 93' lang='lat' dir='ltr'><strong>ll</strong></span> <span class='ocrx_word' id='word_1_220' title='bbox 966 3377 1006 3443; x_wconf 85' lang='lat'><strong>12,</strong></span> <span class='ocrx_word' id='word_1_221' title='bbox 1021 3381 1046 3433; x_wconf 86' lang='grc'><strong>5.</strong></span> 
     </span>
    </p>

    <p class='ocr_par' dir='ltr' id='par_1_7' title="bbox 253 3471 1323 4079">
     <span class='ocr_line' id='line_1_27' title="bbox 329 3471 1321 3546; baseline 0.006 -21"><span class='ocrx_word' id='word_1_222' title='bbox 329 3473 361 3542; x_wconf 78' lang='lat'><strong>⁸⁹)</strong></span> <span class='ocrx_word' id='word_1_223' title='bbox 381 3471 552 3546; x_wconf 80' lang='grc' dir='ltr'>Ἀσπληδών,</span> <span class='ocrx_word' id='word_1_224' title='bbox 577 3472 654 3536; x_wconf 86' lang='grc' dir='ltr'>πόλις</span> <span class='ocrx_word' id='word_1_225' title='bbox 673 3472 806 3535; x_wconf 85' lang='grc' dir='ltr'>Φωκίδος.</span> <span class='ocrx_word' id='word_1_226' title='bbox 832 3472 983 3537; x_wconf 87' lang='grc' dir='ltr'>Παυσανίας</span> <span class='ocrx_word' id='word_1_227' title='bbox 1002 3475 1085 3546; x_wconf 81' lang='grc' dir='ltr'>ἐνάτῳ</span> <span class='ocrx_word' id='word_1_228' title='bbox 1105 3474 1265 3545; x_wconf 77' lang='lat' dir='ltr'><strong>Stephanus.</strong></span> <span class='ocrx_word' id='word_1_229' title='bbox 1291 3477 1321 3531; x_wconf 76' lang='lat' dir='ltr'><strong>ut</strong></span> 
     </span>
     <span class='ocr_line' id='line_1_28' title="bbox 254 3562 1321 3634; baseline 0.002 -18"><span class='ocrx_word' id='word_1_230' title='bbox 254 3562 402 3618; x_wconf 86' lang='lat' dir='ltr'><strong>Pausanias</strong></span> <span class='ocrx_word' id='word_1_231' title='bbox 415 3563 467 3632; x_wconf 87' lang='lat' dir='ltr'><strong>(IX</strong></span> <span class='ocrx_word' id='word_1_232' title='bbox 481 3565 524 3626; x_wconf 88' lang='lat'><strong>38,</strong></span> <span class='ocrx_word' id='word_1_233' title='bbox 537 3563 567 3632; x_wconf 79' lang='lat'><strong>9)</strong></span> <span class='ocrx_word' id='word_1_234' title='bbox 581 3563 672 3618; x_wconf 87' lang='lat' dir='ltr'><strong>urbem</strong></span> <span class='ocrx_word' id='word_1_235' title='bbox 686 3563 813 3617; x_wconf 86' lang='lat' dir='ltr'><strong>Boeotiae</strong></span> <span class='ocrx_word' id='word_1_236' title='bbox 826 3563 904 3628; x_wconf 90' lang='lat' dir='ltr'><strong>dicit;</strong></span> <span class='ocrx_word' id='word_1_237' title='bbox 923 3565 1036 3619; x_wconf 82' lang='lat' dir='ltr'><strong>tortasse</strong></span> <span class='ocrx_word' id='word_1_238' title='bbox 1049 3563 1085 3629; x_wconf 88' lang='lat' dir='ltr'><strong>id,</strong></span> <span class='ocrx_word' id='word_1_239' title='bbox 1105 3564 1175 3633; x_wconf 88' lang='lat' dir='ltr'><strong>qnod</strong></span> <span class='ocrx_word' id='word_1_240' title='bbox 1188 3564 1321 3634; x_wconf 85' lang='lat' dir='ltr'><strong>periegeta</strong></span> 
     </span>
     <span class='ocr_line' id='line_1_29' title="bbox 254 3651 1322 3719; baseline -0.001 -14"><span class='ocrx_word' id='word_1_241' title='bbox 254 3651 379 3716; x_wconf 80' lang='lat' dir='ltr'><strong>1X39,1</strong></span> <span class='ocrx_word' id='word_1_242' title='bbox 401 3651 434 3706; x_wconf 88' lang='lat' dir='ltr'><strong>de</strong></span> <span class='ocrx_word' id='word_1_243' title='bbox 452 3651 627 3707; x_wconf 85' lang='lat' dir='ltr'><strong>Phoceusium</strong></span> <span class='ocrx_word' id='word_1_244' title='bbox 646 3651 789 3707; x_wconf 76' lang='lat' dir='ltr'><strong>domiciliis</strong></span> <span class='ocrx_word' id='word_1_245' title='bbox 802 3652 923 3719; x_wconf 87' lang='lat' dir='ltr'><strong>adnotat,</strong></span> <span class='ocrx_word' id='word_1_246' title='bbox 941 3654 1035 3709; x_wconf 81' lang='lat' dir='ltr'><strong>erroris</strong></span> <span class='ocrx_word' id='word_1_247' title='bbox 1054 3670 1133 3708; x_wconf 83' lang='lat' dir='ltr'><strong>causa</strong></span> <span class='ocrx_word' id='word_1_248' title='bbox 1145 3654 1208 3709; x_wconf 86' lang='lat' dir='ltr'><strong>luit.</strong></span> <span class='ocrx_word' id='word_1_249' title='bbox 1227 3651 1322 3705; x_wconf 84' lang='grc' dir='ltr'>Καλά-</span> 
     </span>
     <span class='ocr_line' id='line_1_30' title="bbox 256 3737 1321 3813; baseline 0.006 -21"><span class='ocrx_word' id='word_1_250' title='bbox 256 3757 311 3810; x_wconf 86' lang='grc' dir='ltr'>μαι,</span> <span class='ocrx_word' id='word_1_251' title='bbox 330 3737 404 3802; x_wconf 91' lang='grc' dir='ltr'>πόλις</span> <span class='ocrx_word' id='word_1_252' title='bbox 422 3737 636 3811; x_wconf 73' lang='grc' dir='ltr'>Πελοποννὴσου.</span> <span class='ocrx_word' id='word_1_253' title='bbox 655 3738 809 3802; x_wconf 84' lang='grc' dir='ltr'>Παυσανίας</span> <span class='ocrx_word' id='word_1_254' title='bbox 822 3741 936 3813; x_wconf 81' lang='grc' dir='ltr'>τετάρτῳ</span> <span class='ocrx_word' id='word_1_255' title='bbox 950 3742 1108 3813; x_wconf 81' lang='lat' dir='ltr'><strong>Stephanus.</strong></span> <span class='ocrx_word' id='word_1_256' title='bbox 1127 3745 1156 3798; x_wconf 80' lang='lat' dir='ltr'><strong>at</strong></span> <span class='ocrx_word' id='word_1_257' title='bbox 1169 3741 1240 3813; x_wconf 80' lang='lat' dir='ltr'><strong>apud</strong></span> <span class='ocrx_word' id='word_1_258' title='bbox 1252 3743 1321 3798; x_wconf 80' lang='lat' dir='ltr'><strong>Pau·</strong></span> 
     </span>
     <span class='ocr_line' id='line_1_31' title="bbox 253 3827 1321 3904; baseline 0.002 -21"><span class='ocrx_word' id='word_1_259' title='bbox 253 3829 357 3885; x_wconf 78' lang='lat' dir='ltr'><strong>soniam</strong></span> <span class='ocrx_word' id='word_1_260' title='bbox 376 3829 426 3898; x_wconf 89' lang='lat' dir='ltr'><strong>(IV</strong></span> <span class='ocrx_word' id='word_1_261' title='bbox 440 3830 483 3895; x_wconf 88' lang='grc'>31,</span> <span class='ocrx_word' id='word_1_262' title='bbox 496 3831 527 3897; x_wconf 86' lang='grc'><strong>3)</strong></span> <span class='ocrx_word' id='word_1_263' title='bbox 546 3846 598 3883; x_wconf 89' lang='lat' dir='ltr'><strong>nou</strong></span> <span class='ocrx_word' id='word_1_264' title='bbox 618 3827 701 3894; x_wconf 86' lang='grc' dir='ltr'>πόλις,</span> <span class='ocrx_word' id='word_1_265' title='bbox 721 3830 766 3885; x_wconf 88' lang='lat' dir='ltr'><strong>sed</strong></span> <span class='ocrx_word' id='word_1_266' title='bbox 784 3829 864 3904; x_wconf 81' lang='grc' dir='ltr'>κώμη</span> <span class='ocrx_word' id='word_1_267' title='bbox 889 3834 937 3889; x_wconf 85' lang='lat' dir='ltr'><strong>est.</strong></span> <span class='ocrx_word' id='word_1_268' title='bbox 962 3829 1072 3895; x_wconf 89' lang='grc' dir='ltr'>Μυονία,</span> <span class='ocrx_word' id='word_1_269' title='bbox 1096 3830 1171 3894; x_wconf 89' lang='grc' dir='ltr'>πόλις</span> <span class='ocrx_word' id='word_1_270' title='bbox 1190 3830 1321 3895; x_wconf 85' lang='grc' dir='ltr'>Φωκίδος.</span> 
     </span>
     <span class='ocr_line' id='line_1_32' title="bbox 253 3916 1323 3991; baseline 0.004 -22"><span class='ocrx_word' id='word_1_271' title='bbox 253 3916 405 3980; x_wconf 87' lang='grc' dir='ltr'>Παυσανίας</span> <span class='ocrx_word' id='word_1_272' title='bbox 419 3917 434 3970; x_wconf 91' lang='grc' dir='ltr'>ι’</span> <span class='ocrx_word' id='word_1_273' title='bbox 449 3918 606 3989; x_wconf 84' lang='lat' dir='ltr'><strong>Stephanus.</strong></span> <span class='ocrx_word' id='word_1_274' title='bbox 618 3919 664 3973; x_wconf 88' lang='lat' dir='ltr'><strong>sed</strong></span> <span class='ocrx_word' id='word_1_275' title='bbox 677 3921 812 3989; x_wconf 78' lang='lat' dir='ltr'><strong>periegeta</strong></span> <span class='ocrx_word' id='word_1_276' title='bbox 824 3921 875 3975; x_wconf 85' lang='lat' dir='ltr'><strong>etsi</strong></span> <span class='ocrx_word' id='word_1_277' title='bbox 887 3920 965 3976; x_wconf 87' lang='lat' dir='ltr'><strong>huius</strong></span> <span class='ocrx_word' id='word_1_278' title='bbox 978 3920 1069 3991; x_wconf 87' lang='lat' dir='ltr'><strong>oppidi</strong></span> <span class='ocrx_word' id='word_1_279' title='bbox 1081 3921 1109 3975; x_wconf 92' lang='lat' dir='ltr'><strong>in</strong></span> <span class='ocrx_word' id='word_1_280' title='bbox 1121 3921 1191 3975; x_wconf 86' lang='lat' dir='ltr'><strong>libro</strong></span> <span class='ocrx_word' id='word_1_281' title='bbox 1210 3919 1323 3974; x_wconf 82' lang='grc' dir='ltr'>Φωκικά</span> 
     </span>
     <span class='ocr_line' id='line_1_33' title="bbox 254 4006 1322 4079; baseline 0.004 -18"><span class='ocrx_word' id='word_1_282' title='bbox 254 4008 381 4079; x_wconf 86' lang='lat' dir='ltr'><strong>inscripto</strong></span> <span class='ocrx_word' id='word_1_283' title='bbox 391 4008 426 4076; x_wconf 86' lang='lat' dir='ltr'><strong>(X</strong></span> <span class='ocrx_word' id='word_1_284' title='bbox 435 4008 478 4073; x_wconf 85' lang='grc'>88,</span> <span class='ocrx_word' id='word_1_285' title='bbox 489 4006 518 4079; x_wconf 85' lang='grc'><strong>8)</strong></span> <span class='ocrx_word' id='word_1_286' title='bbox 527 4009 689 4063; x_wconf 81' lang='lat' dir='ltr'><strong>mentionem</strong></span> <span class='ocrx_word' id='word_1_287' title='bbox 700 4009 774 4076; x_wconf 85' lang='lat' dir='ltr'><strong>lucit,</strong></span> <span class='ocrx_word' id='word_1_288' title='bbox 786 4012 874 4064; x_wconf 89' lang='lat' dir='ltr'><strong>tamen</strong></span> <span class='ocrx_word' id='word_1_289' title='bbox 884 4009 912 4064; x_wconf 90' lang='lat' dir='ltr'><strong>id</strong></span> <span class='ocrx_word' id='word_1_290' title='bbox 921 4009 1026 4066; x_wconf 85' lang='lat' dir='ltr'><strong>Locridi</strong></span> <span class='ocrx_word' id='word_1_291' title='bbox 1035 4010 1177 4066; x_wconf 86' lang='lat' dir='ltr'><strong>Ozolarum</strong></span> <span class='ocrx_word' id='word_1_292' title='bbox 1185 4010 1322 4065; x_wconf 85' lang='lat' dir='ltr'><strong>attribuit.</strong></span> 
     </span>
    </p>

    <p class='ocr_par' dir='ltr' id='par_1_8' title="bbox 253 4104 1322 4268">
     <span class='ocr_line' id='line_1_34' title="bbox 324 4104 1322 4179; baseline 0 -20"><span class='ocrx_word' id='word_1_293' title='bbox 324 4104 357 4175; x_wconf 81' lang='lat'><strong>⁹⁰)</strong></span> <span class='ocrx_word' id='word_1_294' title='bbox 377 4105 420 4159; x_wconf 80' lang='lat' dir='ltr'><strong>nd</strong></span> <span class='ocrx_word' id='word_1_295' title='bbox 444 4111 494 4177; x_wconf 80' lang='grc' dir='ltr'>τῆς</span> <span class='ocrx_word' id='word_1_296' title='bbox 519 4106 731 4163; x_wconf 85' lang='lat' dir='ltr'><strong>subaudiendum</strong></span> <span class='ocrx_word' id='word_1_297' title='bbox 757 4110 797 4163; x_wconf 83' lang='lat' dir='ltr'><strong>est</strong></span> <span class='ocrx_word' id='word_1_298' title='bbox 823 4106 936 4176; x_wconf 84' lang='grc' dir='ltr'>πόλεως,</span> <span class='ocrx_word' id='word_1_299' title='bbox 962 4111 993 4164; x_wconf 88' lang='lat' dir='ltr'><strong>ut</strong></span> <span class='ocrx_word' id='word_1_300' title='bbox 1018 4107 1057 4162; x_wconf 92' lang='lat' dir='ltr'><strong>VI</strong></span> <span class='ocrx_word' id='word_1_301' title='bbox 1075 4109 1148 4174; x_wconf 87' lang='grc'>23,6</span> <span class='ocrx_word' id='word_1_302' title='bbox 1174 4107 1249 4179; x_wconf 74' lang='grc' dir='ltr'>γόνος</span> <span class='ocrx_word' id='word_1_303' title='bbox 1276 4110 1322 4178; x_wconf 72' lang='grc' dir='ltr'>μὲν</span> 
     </span>
     <span class='ocr_line' id='line_1_35' title="bbox 253 4188 806 4268; baseline 0.007 -22"><span class='ocrx_word' id='word_1_304' title='bbox 253 4191 431 4265; x_wconf 74' lang='grc' dir='ltr'>Ἀλεξανδρία</span> <span class='ocrx_word' id='word_1_305' title='bbox 451 4188 516 4247; x_wconf 78' lang='grc' dir='ltr'>εἶναι</span> <span class='ocrx_word' id='word_1_306' title='bbox 533 4199 596 4267; x_wconf 84' lang='grc' dir='ltr'>τῆς</span> <span class='ocrx_word' id='word_1_307' title='bbox 620 4193 683 4267; x_wconf 68' lang='grc' dir='ltr'>ὑπὲρ</span> <span class='ocrx_word' id='word_1_308' title='bbox 703 4192 806 4268; x_wconf 86' lang='grc' dir='ltr'>Φάρου.</span> 
     </span>
    </p>
   </div>
   <div class='ocr_carea' id='block_1_6' title="bbox 0 0 1580 4964">
    <p class='ocr_par' dir='ltr' id='par_1_9' title="bbox 0 0 1580 4964">
     <span class='ocr_line' id='line_1_36' title="bbox 0 0 1580 4964; baseline 0 0"><span class='ocrx_word' id='word_1_309' title='bbox 0 0 1580 4964; x_wconf 95' lang='lat' dir='ltr'><strong> </strong></span> 
     </span>
    </p>
   </div>
  </div>
 </body>
</html>
