<?xml version="1.0" encoding="UTF-8"?>
<!DOCTYPE html PUBLIC "-//W3C//DTD XHTML 1.0 Transitional//EN"
    "http://www.w3.org/TR/xhtml1/DTD/xhtml1-transitional.dtd">
<html xmlns="http://www.w3.org/1999/xhtml" xml:lang="en" lang="en">
 <head>
  <title>
</title>
<meta http-equiv="Content-Type" content="text/html;charset=utf-8" />
  <meta name='ocr-system' content='tesseract 3.04.00' />
  <meta name='ocr-capabilities' content='ocr_page ocr_carea ocr_par ocr_line ocrx_word'/>
</head>
<body>
  <div class='ocr_page' id='page_1' title='image "./depraepositioni00reitgoog_0016.png"; bbox 0 0 3134 4964; ppageno 0'>
   <div class='ocr_carea' id='block_1_1' title="bbox 681 438 879 500">
    <p class='ocr_par' dir='ltr' id='par_1_1' title="bbox 681 438 879 500">
     <span class='ocr_line' id='line_1_1' title="bbox 681 438 879 500; baseline -0.005 -16"><span class='ocrx_word' id='word_1_1' title='bbox 681 438 879 500; x_wconf 88' lang='lat'>-9..</span> 
     </span>
    </p>
   </div>
   <div class='ocr_carea' id='block_1_2' title="bbox 248 625 1315 2112">
    <p class='ocr_par' dir='ltr' id='par_1_2' title="bbox 248 625 1315 1995">
     <span class='ocr_line' id='line_1_2' title="bbox 248 625 1314 718; baseline -0.007 -19"><span class='ocrx_word' id='word_1_2' title='bbox 248 634 369 718; x_wconf 86' lang='lat' dir='ltr'>nychia,</span> <span class='ocrx_word' id='word_1_3' title='bbox 387 632 535 710; x_wconf 78' lang='lat' dir='ltr'>Athenae,</span> <span class='ocrx_word' id='word_1_4' title='bbox 559 634 597 698; x_wconf 83' lang='lat'>21</span> <span class='ocrx_word' id='word_1_5' title='bbox 625 635 700 717; x_wconf 85' lang='grc' dir='ltr'><strong>μετὰ</strong></span> <span class='ocrx_word' id='word_1_6' title='bbox 723 630 756 693; x_wconf 89' lang='grc' dir='ltr'>δέ</span> <span class='ocrx_word' id='word_1_7' title='bbox 779 633 827 695; x_wconf 79' lang='grc' dir='ltr'>τὸν</span> <span class='ocrx_word' id='word_1_8' title='bbox 848 628 973 714; x_wconf 84' lang='grc' dir='ltr'><strong>Πειραιᾶ</strong></span> <span class='ocrx_word' id='word_1_9' title='bbox 987 628 1142 717; x_wconf 86' lang='grc' dir='ltr'><strong>Φαληρεῖς</strong></span> <span class='ocrx_word' id='word_1_10' title='bbox 1165 629 1262 715; x_wconf 65' lang='lat' dir='ltr'>hippo&lt;</span> <span class='ocrx_word' id='word_1_11' title='bbox 1284 625 1314 692; x_wconf 85' lang='grc' dir='ltr'>έν</span> 
     </span>
     <span class='ocr_line' id='line_1_3' title="bbox 248 733 1315 829; baseline -0.007 -24"><span class='ocrx_word' id='word_1_12' title='bbox 248 751 285 826; x_wconf 79' lang='grc' dir='ltr'>τη</span> <span class='ocrx_word' id='word_1_13' title='bbox 308 738 415 829; x_wconf 78' lang='grc' dir='ltr'><strong>έρεξης</strong></span> <span class='ocrx_word' id='word_1_14' title='bbox 437 741 579 824; x_wconf 82' lang='grc' dir='ltr'><strong>παραλίη,</strong></span> <span class='ocrx_word' id='word_1_15' title='bbox 603 739 711 805; x_wconf 88' lang='lat' dir='ltr'>deinde</span> <span class='ocrx_word' id='word_1_16' title='bbox 734 738 788 804; x_wconf 91' lang='lat' dir='ltr'>alii</span> <span class='ocrx_word' id='word_1_17' title='bbox 810 739 898 822; x_wconf 82' lang='lat' dir='ltr'>pagi3</span> <span class='ocrx_word' id='word_1_18' title='bbox 923 734 1000 802; x_wconf 76' lang='grc' dir='ltr'><strong>οὗτοι</strong></span> <span class='ocrx_word' id='word_1_19' title='bbox 1023 740 1076 823; x_wconf 74' lang='grc' dir='ltr'>μέν</span> <span class='ocrx_word' id='word_1_20' title='bbox 1099 733 1127 801; x_wconf 83' lang='grc' dir='ltr'>οἱ</span> <span class='ocrx_word' id='word_1_21' title='bbox 1150 741 1238 822; x_wconf 87' lang='grc' dir='ltr'><strong>μέχρι</strong></span> <span class='ocrx_word' id='word_1_22' title='bbox 1261 747 1315 822; x_wconf 80' lang='grc' dir='ltr'>της</span> 
     </span>
     <span class='ocr_line' id='line_1_4' title="bbox 249 844 1313 934; baseline -0.001 -22"><span class='ocrx_word' id='word_1_23' title='bbox 249 848 344 934; x_wconf 78' lang='grc' dir='ltr'><strong>ἄκροις</strong></span> <span class='ocrx_word' id='word_1_24' title='bbox 366 856 417 911; x_wconf 83' lang='grc' dir='ltr'>του</span> <span class='ocrx_word' id='word_1_25' title='bbox 440 845 570 922; x_wconf 79' lang='grc' dir='ltr'><strong>Σουνίου,</strong></span> <span class='ocrx_word' id='word_1_26' title='bbox 594 848 665 913; x_wconf 89' lang='lat' dir='ltr'>ante</span> <span class='ocrx_word' id='word_1_27' title='bbox 686 846 766 911; x_wconf 89' lang='lat' dir='ltr'>hanc</span> <span class='ocrx_word' id='word_1_28' title='bbox 786 847 892 911; x_wconf 91' lang='lat' dir='ltr'>autem</span> <span class='ocrx_word' id='word_1_29' title='bbox 908 863 993 910; x_wconf 92' lang='lat' dir='ltr'>oram</span> <span class='ocrx_word' id='word_1_30' title='bbox 1009 844 1126 910; x_wconf 88' lang='lat' dir='ltr'>insulae</span> <span class='ocrx_word' id='word_1_31' title='bbox 1142 844 1313 928; x_wconf 88' lang='lat' dir='ltr'>Hydrussa,</span> 
     </span>
     <span class='ocr_line' id='line_1_5' title="bbox 248 951 1315 1038; baseline -0.007 -18"><span class='ocrx_word' id='word_1_32' title='bbox 248 955 383 1038; x_wconf 90' lang='lat' dir='ltr'>Phabra,</span> <span class='ocrx_word' id='word_1_33' title='bbox 400 954 538 1032; x_wconf 84' lang='lat' dir='ltr'>Rledssa,</span> <span class='ocrx_word' id='word_1_34' title='bbox 555 952 699 1032; x_wconf 83' lang='lat' dir='ltr'>Belbina,</span> <span class='ocrx_word' id='word_1_35' title='bbox 723 951 890 1019; x_wconf 83' lang='lat' dir='ltr'>Patrocli</span> <span class='ocrx_word' id='word_1_36' title='bbox 911 951 1047 1031; x_wconf 94' lang='lat' dir='ltr'>insula,</span> <span class='ocrx_word' id='word_1_37' title='bbox 1072 954 1114 1018; x_wconf 87' lang='grc'>22</span> <span class='ocrx_word' id='word_1_38' title='bbox 1135 955 1315 1037; x_wconf 75' lang='grc' dir='ltr'><strong>κάμψαντι</strong></span> 
     </span>
     <span class='ocr_line' id='line_1_6' title="bbox 250 1055 1313 1148; baseline -0.002 -24"><span class='ocrx_word' id='word_1_39' title='bbox 250 1062 287 1124; x_wconf 85' lang='grc' dir='ltr'>δὲ</span> <span class='ocrx_word' id='word_1_40' title='bbox 313 1065 374 1148; x_wconf 83' lang='grc' dir='ltr'>τὴν</span> <span class='ocrx_word' id='word_1_41' title='bbox 402 1063 494 1125; x_wconf 86' lang='grc' dir='ltr'><strong>κατὰ</strong></span> <span class='ocrx_word' id='word_1_42' title='bbox 521 1063 558 1124; x_wconf 82' lang='grc' dir='ltr'>τὸ</span> <span class='ocrx_word' id='word_1_43' title='bbox 586 1058 730 1124; x_wconf 79' lang='grc' dir='ltr'><strong>Σουνιον</strong></span> <span class='ocrx_word' id='word_1_44' title='bbox 753 1057 866 1144; x_wconf 80' lang='grc' dir='ltr'><strong>ἄκραν</strong></span> <span class='ocrx_word' id='word_1_45' title='bbox 889 1058 1044 1140; x_wconf 79' lang='grc' dir='ltr'><strong>ἀξιόλογος</strong></span> <span class='ocrx_word' id='word_1_46' title='bbox 1068 1060 1164 1145; x_wconf 76' lang='grc' dir='ltr'><strong>δῆμος</strong></span> <span class='ocrx_word' id='word_1_47' title='bbox 1187 1055 1313 1131; x_wconf 66' lang='lat' dir='ltr'>totores,</span> 
     </span>
     <span class='ocr_line' id='line_1_7' title="bbox 249 1165 1314 1252; baseline -0.001 -21"><span class='ocrx_word' id='word_1_48' title='bbox 249 1166 311 1232; x_wconf 85' lang='grc' dir='ltr'><strong>είτοι</strong></span> <span class='ocrx_word' id='word_1_49' title='bbox 333 1167 469 1252; x_wconf 83' lang='grc' dir='ltr'><strong>Θόρικος,</strong></span> <span class='ocrx_word' id='word_1_50' title='bbox 491 1166 600 1233; x_wconf 92' lang='lat' dir='ltr'>deinde</span> <span class='ocrx_word' id='word_1_51' title='bbox 622 1169 690 1234; x_wconf 90' lang='lat' dir='ltr'>loca</span> <span class='ocrx_word' id='word_1_52' title='bbox 711 1166 880 1233; x_wconf 90' lang='lat' dir='ltr'>marituma</span> <span class='ocrx_word' id='word_1_53' title='bbox 901 1185 995 1249; x_wconf 88' lang='lat' dir='ltr'>usque</span> <span class='ocrx_word' id='word_1_54' title='bbox 1018 1166 1057 1231; x_wconf 92' lang='lat' dir='ltr'>ad</span> <span class='ocrx_word' id='word_1_55' title='bbox 1080 1165 1217 1251; x_wconf 86' lang='lat' dir='ltr'><strong>Oropum</strong></span> <span class='ocrx_word' id='word_1_56' title='bbox 1240 1184 1314 1231; x_wconf 91' lang='lat' dir='ltr'>enu-</span> 
     </span>
     <span class='ocr_line' id='line_1_8' title="bbox 249 1273 1314 1360; baseline -0.006 -19"><span class='ocrx_word' id='word_1_57' title='bbox 249 1276 419 1355; x_wconf 86' lang='lat' dir='ltr'>merantur,</span> <span class='ocrx_word' id='word_1_58' title='bbox 450 1279 598 1358; x_wconf 86' lang='grc' dir='ltr'><strong>πρόκειται</strong></span> <span class='ocrx_word' id='word_1_59' title='bbox 628 1274 661 1338; x_wconf 85' lang='grc' dir='ltr'>δὲ</span> <span class='ocrx_word' id='word_1_60' title='bbox 690 1285 745 1360; x_wconf 83' lang='grc' dir='ltr'>της</span> <span class='ocrx_word' id='word_1_61' title='bbox 776 1273 925 1359; x_wconf 83' lang='grc' dir='ltr'><strong>παραλίας</strong></span> <span class='ocrx_word' id='word_1_62' title='bbox 951 1274 1068 1360; x_wconf 79' lang='grc' dir='ltr'><strong>ταὺτης,</strong></span> <span class='ocrx_word' id='word_1_63' title='bbox 1099 1275 1156 1358; x_wconf 85' lang='grc' dir='ltr'>πρὸ</span> <span class='ocrx_word' id='word_1_64' title='bbox 1184 1276 1236 1358; x_wconf 80' lang='grc' dir='ltr'>μὲν</span> <span class='ocrx_word' id='word_1_65' title='bbox 1263 1281 1314 1335; x_wconf 83' lang='grc' dir='ltr'>τοῦ</span> 
     </span>
     <span class='ocr_line' id='line_1_9' title="bbox 249 1376 1315 1468; baseline -0.005 -22"><span class='ocrx_word' id='word_1_66' title='bbox 249 1382 376 1468; x_wconf 88' lang='grc' dir='ltr'><strong>Θορίκου</strong></span> <span class='ocrx_word' id='word_1_67' title='bbox 391 1385 506 1446; x_wconf 79' lang='grc' dir='ltr'><strong>καὶτοῦ</strong></span> <span class='ocrx_word' id='word_1_68' title='bbox 522 1380 643 1446; x_wconf 87' lang='grc' dir='ltr'><strong>Σουνίου</strong></span> <span class='ocrx_word' id='word_1_69' title='bbox 662 1391 752 1468; x_wconf 83' lang='grc' dir='ltr'><strong>νηοος</strong></span> <span class='ocrx_word' id='word_1_70' title='bbox 771 1379 899 1468; x_wconf 89' lang='grc' dir='ltr'><strong>Ἑλένη</strong></span> <span class='ocrx_word' id='word_1_71' title='bbox 916 1383 1048 1466; x_wconf 86' lang='grc' dir='ltr'><strong>-μετὰ</strong></span> <span class='ocrx_word' id='word_1_72' title='bbox 1072 1380 1104 1443; x_wconf 85' lang='grc' dir='ltr'>δὲ</span> <span class='ocrx_word' id='word_1_73' title='bbox 1126 1382 1177 1467; x_wconf 77' lang='grc' dir='ltr'>τὴν</span> <span class='ocrx_word' id='word_1_74' title='bbox 1192 1376 1315 1465; x_wconf 78' lang='grc' dir='ltr'><strong>Ἑλένην</strong></span> 
     </span>
     <span class='ocr_line' id='line_1_10' title="bbox 249 1486 1313 1577; baseline 0 -24"><span class='ocrx_word' id='word_1_75' title='bbox 249 1487 268 1576; x_wconf 82' lang='grc' dir='ltr'>ἡ</span> <span class='ocrx_word' id='word_1_76' title='bbox 296 1487 407 1574; x_wconf 77' lang='grc' dir='ltr'><strong>Εὔβοια</strong></span> <span class='ocrx_word' id='word_1_77' title='bbox 434 1494 583 1575; x_wconf 87' lang='grc' dir='ltr'><strong>πρόκειται</strong></span> <span class='ocrx_word' id='word_1_78' title='bbox 610 1499 664 1576; x_wconf 84' lang='grc' dir='ltr'>της</span> <span class='ocrx_word' id='word_1_79' title='bbox 691 1486 798 1577; x_wconf 79' lang='grc' dir='ltr'><strong>ἐρεξης</strong></span> <span class='ocrx_word' id='word_1_80' title='bbox 826 1489 987 1572; x_wconf 87' lang='grc' dir='ltr'><strong>παραλίας;</strong></span> <span class='ocrx_word' id='word_1_81' title='bbox 1018 1489 1056 1554; x_wconf 81' lang='lat' dir='ltr'>cf.</span> <span class='ocrx_word' id='word_1_82' title='bbox 1081 1488 1209 1570; x_wconf 90' lang='lat' dir='ltr'>denique</span> <span class='ocrx_word' id='word_1_83' title='bbox 1231 1488 1313 1554; x_wconf 87' lang='lat' dir='ltr'>Plin.</span> 
     </span>
     <span class='ocr_line' id='line_1_11' title="bbox 251 1593 1313 1683; baseline -0.003 -21"><span class='ocrx_word' id='word_1_84' title='bbox 251 1618 281 1662; x_wconf 91' lang='lat' dir='ltr'>n.</span> <span class='ocrx_word' id='word_1_85' title='bbox 303 1598 352 1664; x_wconf 83' lang='lat' dir='ltr'>h:</span> <span class='ocrx_word' id='word_1_86' title='bbox 374 1598 418 1662; x_wconf 86' lang='lat' dir='ltr'>lV</span> <span class='ocrx_word' id='word_1_87' title='bbox 442 1600 481 1663; x_wconf 87' lang='grc'>12</span> <span class='ocrx_word' id='word_1_88' title='bbox 505 1598 576 1682; x_wconf 86' lang='grc'>(20)</span> <span class='ocrx_word' id='word_1_89' title='bbox 599 1593 839 1680; x_wconf 78' lang='lat' dir='ltr'>‘compluresque</span> <span class='ocrx_word' id='word_1_90' title='bbox 862 1597 940 1663; x_wconf 88' lang='lat' dir='ltr'>aliae</span> <span class='ocrx_word' id='word_1_91' title='bbox 964 1595 1020 1683; x_wconf 89' lang='lat' dir='ltr'>(sc.</span> <span class='ocrx_word' id='word_1_92' title='bbox 1044 1595 1175 1680; x_wconf 76' lang='lat' dir='ltr'>insulae)</span> <span class='ocrx_word' id='word_1_93' title='bbox 1199 1615 1235 1661; x_wconf 82' lang='lat' dir='ltr'>cx</span> <span class='ocrx_word' id='word_1_94' title='bbox 1258 1594 1313 1660; x_wconf 93' lang='lat' dir='ltr'>ad-</span> 
     </span>
     <span class='ocr_line' id='line_1_12' title="bbox 248 1703 1314 1788; baseline -0.003 -18"><span class='ocrx_word' id='word_1_95' title='bbox 248 1723 334 1770; x_wconf 87' lang='lat' dir='ltr'>verso</span> <span class='ocrx_word' id='word_1_96' title='bbox 365 1703 488 1770; x_wconf 87' lang='lat' dir='ltr'>Atticae</span> <span class='ocrx_word' id='word_1_97' title='bbox 517 1704 582 1770; x_wconf 91' lang='lat' dir='ltr'>sine</span> <span class='ocrx_word' id='word_1_98' title='bbox 613 1704 732 1787; x_wconf 84' lang='lat' dir='ltr'>oppidis</span> <span class='ocrx_word' id='word_1_99' title='bbox 762 1707 794 1769; x_wconf 90' lang='lat' dir='ltr'>et</span> <span class='ocrx_word' id='word_1_100' title='bbox 821 1703 889 1769; x_wconf 92' lang='lat' dir='ltr'>ideo</span> <span class='ocrx_word' id='word_1_101' title='bbox 918 1703 1079 1788; x_wconf 81' lang='lat' dir='ltr'>ignobiles.</span> <span class='ocrx_word' id='word_1_102' title='bbox 1126 1703 1177 1769; x_wconf 88' lang='lat' dir='ltr'>sed</span> <span class='ocrx_word' id='word_1_103' title='bbox 1207 1705 1314 1769; x_wconf 88' lang='lat' dir='ltr'>contra</span> 
     </span>
     <span class='ocr_line' id='line_1_13' title="bbox 249 1809 1313 1894; baseline 0 -17"><span class='ocrx_word' id='word_1_104' title='bbox 249 1813 392 1879; x_wconf 82' lang='lat' dir='ltr'>Eleusina</span> <span class='ocrx_word' id='word_1_105' title='bbox 415 1811 499 1877; x_wconf 90' lang='lat' dir='ltr'>clara</span> <span class='ocrx_word' id='word_1_106' title='bbox 522 1810 664 1891; x_wconf 88' lang='lat' dir='ltr'>Salamis,</span> <span class='ocrx_word' id='word_1_107' title='bbox 688 1814 759 1877; x_wconf 88' lang='lat' dir='ltr'>ante</span> <span class='ocrx_word' id='word_1_108' title='bbox 782 1830 849 1877; x_wconf 88' lang='lat' dir='ltr'>eam</span> <span class='ocrx_word' id='word_1_109' title='bbox 871 1810 1038 1894; x_wconf 79' lang='lat' dir='ltr'>Psyttalia,</span> <span class='ocrx_word' id='word_1_110' title='bbox 1066 1829 1085 1876; x_wconf 90' lang='lat' dir='ltr'>a</span> <span class='ocrx_word' id='word_1_111' title='bbox 1108 1809 1219 1876; x_wconf 95' lang='lat' dir='ltr'>Sunio</span> <span class='ocrx_word' id='word_1_112' title='bbox 1242 1829 1313 1877; x_wconf 85' lang='lat' dir='ltr'>vero</span> 
     </span>
     <span class='ocr_line' id='line_1_14' title="bbox 248 1914 1311 1995; baseline -0.002 -11"><span class='ocrx_word' id='word_1_113' title='bbox 248 1919 279 1984; x_wconf 93' lang='lat' dir='ltr'>H</span> <span class='ocrx_word' id='word_1_114' title='bbox 285 1920 387 1986; x_wconf 89' lang='lat' dir='ltr'>elene</span> <span class='ocrx_word' id='word_1_115' title='bbox 403 1919 430 1986; x_wconf 85' lang='lat' dir='ltr'><strong>V</strong></span> <span class='ocrx_word' id='word_1_116' title='bbox 446 1919 572 1985; x_wconf 89' lang='lat' dir='ltr'>distans.</span> <span class='ocrx_word' id='word_1_117' title='bbox 608 1917 677 1984; x_wconf 91' lang='lat' dir='ltr'>dein</span> <span class='ocrx_word' id='word_1_118' title='bbox 695 1917 771 1986; x_wconf 81' lang='lat' dir='ltr'>Ceos</span> <span class='ocrx_word' id='word_1_119' title='bbox 787 1919 825 1984; x_wconf 89' lang='lat' dir='ltr'>ab</span> <span class='ocrx_word' id='word_1_120' title='bbox 842 1937 877 1984; x_wconf 90' lang='lat' dir='ltr'>ea</span> <span class='ocrx_word' id='word_1_121' title='bbox 893 1917 1023 1984; x_wconf 88' lang='lat' dir='ltr'>totidem</span> <span class='ocrx_word' id='word_1_122' title='bbox 1036 1914 1103 1995; x_wconf 85' lang='lat'>-;’</span> <span class='ocrx_word' id='word_1_123' title='bbox 1119 1921 1158 1984; x_wconf 92' lang='grc'>21</span> <span class='ocrx_word' id='word_1_124' title='bbox 1178 1917 1311 1984; x_wconf 86' lang='lat' dir='ltr'>Ruboea.</span> 
     </span>
    </p>

    <p class='ocr_par' dir='ltr' id='par_1_3' title="bbox 315 2021 1312 2112">
     <span class='ocr_line' id='line_1_15' title="bbox 315 2021 1312 2112; baseline -0.002 -23"><span class='ocrx_word' id='word_1_125' title='bbox 315 2026 348 2091; x_wconf 91' lang='grc' dir='ltr'>ΙΙ</span> <span class='ocrx_word' id='word_1_126' title='bbox 373 2029 440 2109; x_wconf 83' lang='grc'>9,2</span> <span class='ocrx_word' id='word_1_127' title='bbox 468 2025 625 2112; x_wconf 81' lang='grc' dir='ltr'><strong>συμβαλὼν</strong></span> <span class='ocrx_word' id='word_1_128' title='bbox 649 2026 681 2088; x_wconf 84' lang='grc' dir='ltr'>δέ</span> <span class='ocrx_word' id='word_1_129' title='bbox 704 2028 769 2107; x_wconf 83' lang='grc' dir='ltr'><strong>περὶ</strong></span> <span class='ocrx_word' id='word_1_130' title='bbox 792 2021 893 2112; x_wconf 78' lang='grc' dir='ltr'><strong>Δίυμην</strong></span> <span class='ocrx_word' id='word_1_131' title='bbox 917 2028 969 2111; x_wconf 80' lang='grc' dir='ltr'>τὴν</span> <span class='ocrx_word' id='word_1_132' title='bbox 992 2021 1076 2109; x_wconf 72' lang='lat' dir='ltr'>huto</span> <span class='ocrx_word' id='word_1_133' title='bbox 1101 2022 1312 2108; x_wconf 83' lang='grc' dir='ltr'><strong>Πατρῶν-</strong></span> 
     </span>
    </p>
   </div>
   <div class='ocr_carea' id='block_1_3' title="bbox 129 2130 1312 2219">
    <p class='ocr_par' dir='ltr' id='par_1_4' title="bbox 129 2130 1312 2219">
     <span class='ocr_line' id='line_1_16' title="bbox 129 2130 1312 2219; baseline 0.001 -23"><span class='ocrx_word' id='word_1_134' title='bbox 129 2130 132 2137; x_wconf 81' lang='grc'><em>“</em></span> <span class='ocrx_word' id='word_1_135' title='bbox 248 2144 314 2216; x_wconf 65' lang='grc' dir='ltr'><strong>νικοζι</strong></span> <span class='ocrx_word' id='word_1_136' title='bbox 336 2142 372 2217; x_wconf 77' lang='grc' dir='ltr'>τη</span> <span class='ocrx_word' id='word_1_137' title='bbox 395 2135 492 2219; x_wconf 80' lang='grc' dir='ltr'><strong>μάχη.</strong></span> <span class='ocrx_word' id='word_1_138' title='bbox 530 2132 605 2198; x_wconf 88' lang='lat' dir='ltr'>haec</span> <span class='ocrx_word' id='word_1_139' title='bbox 635 2133 728 2198; x_wconf 82' lang='lat' dir='ltr'>uerba</span> <span class='ocrx_word' id='word_1_140' title='bbox 757 2151 826 2198; x_wconf 92' lang='lat' dir='ltr'>cum</span> <span class='ocrx_word' id='word_1_141' title='bbox 858 2131 920 2197; x_wconf 91' lang='lat' dir='ltr'>sint</span> <span class='ocrx_word' id='word_1_142' title='bbox 949 2132 980 2196; x_wconf 91' lang='lat' dir='ltr'>in</span> <span class='ocrx_word' id='word_1_143' title='bbox 1011 2150 1137 2199; x_wconf 83' lang='lat' dir='ltr'>excursu</span> <span class='ocrx_word' id='word_1_144' title='bbox 1167 2131 1312 2198; x_wconf 90' lang='lat' dir='ltr'>historico</span> 
     </span>
    </p>
   </div>
   <div class='ocr_carea' id='block_1_4' title="bbox 248 2237 1313 2753">
    <p class='ocr_par' dir='ltr' id='par_1_5' title="bbox 248 2237 1313 2753">
     <span class='ocr_line' id='line_1_17' title="bbox 249 2237 1313 2324; baseline -0.003 -19"><span class='ocrx_word' id='word_1_145' title='bbox 249 2239 385 2324; x_wconf 87' lang='lat' dir='ltr'>Sicyonis</span> <span class='ocrx_word' id='word_1_146' title='bbox 408 2237 607 2320; x_wconf 80' lang='lat' dir='ltr'>descriptioni</span> <span class='ocrx_word' id='word_1_147' title='bbox 629 2238 753 2318; x_wconf 86' lang='lat' dir='ltr'>inserto,</span> <span class='ocrx_word' id='word_1_148' title='bbox 777 2239 896 2322; x_wconf 81' lang='lat' dir='ltr'>Dymae</span> <span class='ocrx_word' id='word_1_149' title='bbox 918 2238 996 2306; x_wconf 86' lang='lat' dir='ltr'>situs</span> <span class='ocrx_word' id='word_1_150' title='bbox 1016 2258 1051 2304; x_wconf 82' lang='lat' dir='ltr'>ex</span> <span class='ocrx_word' id='word_1_151' title='bbox 1071 2237 1198 2322; x_wconf 82' lang='lat' dir='ltr'>Sicyone</span> <span class='ocrx_word' id='word_1_152' title='bbox 1218 2238 1313 2322; x_wconf 86' lang='lat' dir='ltr'>signi·</span> 
     </span>
     <span class='ocr_line' id='line_1_18' title="bbox 250 2344 1313 2431; baseline -0.002 -19"><span class='ocrx_word' id='word_1_153' title='bbox 250 2347 360 2413; x_wconf 89' lang='lat' dir='ltr'>ficatus</span> <span class='ocrx_word' id='word_1_154' title='bbox 384 2364 448 2414; x_wconf 92' lang='lat' dir='ltr'>esse</span> <span class='ocrx_word' id='word_1_155' title='bbox 472 2345 603 2426; x_wconf 85' lang='lat' dir='ltr'>videtur,</span> <span class='ocrx_word' id='word_1_156' title='bbox 632 2348 663 2412; x_wconf 94' lang='lat' dir='ltr'>et</span> <span class='ocrx_word' id='word_1_157' title='bbox 686 2364 718 2412; x_wconf 96' lang='lat' dir='ltr'>re</span> <span class='ocrx_word' id='word_1_158' title='bbox 741 2364 813 2411; x_wconf 89' lang='lat' dir='ltr'>vera</span> <span class='ocrx_word' id='word_1_159' title='bbox 835 2347 935 2431; x_wconf 87' lang='lat' dir='ltr'>Dyme</span> <span class='ocrx_word' id='word_1_160' title='bbox 958 2344 1086 2431; x_wconf 87' lang='lat' dir='ltr'>Sicyone</span> <span class='ocrx_word' id='word_1_161' title='bbox 1109 2345 1313 2428; x_wconf 87' lang='lat' dir='ltr'>proficiscenti</span> 
     </span>
     <span class='ocr_line' id='line_1_19' title="bbox 248 2452 1296 2537; baseline -0.003 -17"><span class='ocrx_word' id='word_1_162' title='bbox 248 2454 359 2520; x_wconf 87' lang='lat' dir='ltr'>ultra</span> <span class='ocrx_word' id='word_1_163' title='bbox 389 2453 501 2520; x_wconf 88' lang='lat' dir='ltr'>Patras</span> <span class='ocrx_word' id='word_1_164' title='bbox 531 2455 588 2519; x_wconf 92' lang='lat' dir='ltr'>est.</span> <span class='ocrx_word' id='word_1_165' title='bbox 632 2452 670 2518; x_wconf 89' lang='lat' dir='ltr'>cf.</span> <span class='ocrx_word' id='word_1_166' title='bbox 695 2452 827 2519; x_wconf 91' lang='lat' dir='ltr'>eundem</span> <span class='ocrx_word' id='word_1_167' title='bbox 857 2452 995 2520; x_wconf 87' lang='lat' dir='ltr'>ordinem</span> <span class='ocrx_word' id='word_1_168' title='bbox 1026 2452 1107 2537; x_wconf 91' lang='lat' dir='ltr'>apud</span> <span class='ocrx_word' id='word_1_169' title='bbox 1137 2453 1189 2517; x_wconf 88' lang='lat' dir='ltr'>Ps.</span> <span class='ocrx_word' id='word_1_170' title='bbox 1214 2453 1296 2537; x_wconf 91' lang='lat' dir='ltr'>Scyl.</span> 
     </span>
     <span class='ocr_line' id='line_1_20' title="bbox 248 2558 1311 2657; baseline -0.003 -30"><span class='ocrx_word' id='word_1_171' title='bbox 248 2564 291 2627; x_wconf 88' lang='grc'>40</span> <span class='ocrx_word' id='word_1_172' title='bbox 307 2578 353 2643; x_wconf 93' lang='lat' dir='ltr'>sq.</span> <span class='ocrx_word' id='word_1_173' title='bbox 366 2559 541 2640; x_wconf 75' lang='lat' dir='ltr'>Corinthus</span> <span class='ocrx_word' id='word_1_174' title='bbox 557 2559 678 2646; x_wconf 86' lang='lat' dir='ltr'>Sicyon,</span> <span class='ocrx_word' id='word_1_175' title='bbox 692 2562 737 2657; x_wconf 68' lang='lat'>512</span> <span class='ocrx_word' id='word_1_176' title='bbox 751 2559 886 2626; x_wconf 80' lang='lat' dir='ltr'>Achaia:</span> <span class='ocrx_word' id='word_1_177' title='bbox 902 2560 1037 2639; x_wconf 89' lang='lat' dir='ltr'>Pellene,</span> <span class='ocrx_word' id='word_1_178' title='bbox 1054 2558 1178 2644; x_wconf 80' lang='lat' dir='ltr'>Aegira,</span> <span class='ocrx_word' id='word_1_179' title='bbox 1197 2559 1311 2643; x_wconf 84' lang='lat' dir='ltr'>Aegae,</span> 
     </span>
     <span class='ocr_line' id='line_1_21' title="bbox 250 2665 1311 2753; baseline 0.001 -20"><span class='ocrx_word' id='word_1_180' title='bbox 250 2668 395 2752; x_wconf 85' lang='lat' dir='ltr'>Aegium,</span> <span class='ocrx_word' id='word_1_181' title='bbox 419 2668 553 2753; x_wconf 86' lang='lat' dir='ltr'>Rhypes,</span> <span class='ocrx_word' id='word_1_182' title='bbox 577 2669 664 2734; x_wconf 80' lang='lat' dir='ltr'>extra</span> <span class='ocrx_word' id='word_1_183' title='bbox 685 2667 801 2733; x_wconf 90' lang='lat' dir='ltr'>Rhium</span> <span class='ocrx_word' id='word_1_184' title='bbox 824 2665 976 2746; x_wconf 88' lang='lat' dir='ltr'>Patrae,</span> <span class='ocrx_word' id='word_1_185' title='bbox 1005 2669 1133 2751; x_wconf 90' lang='lat' dir='ltr'>Dyme,</span> <span class='ocrx_word' id='word_1_186' title='bbox 1162 2669 1205 2732; x_wconf 88' lang='grc'>43</span> <span class='ocrx_word' id='word_1_187' title='bbox 1228 2666 1311 2744; x_wconf 79' lang='lat' dir='ltr'>Elis3</span> 
     </span>
    </p>
   </div>
   <div class='ocr_carea' id='block_1_5' title="bbox 110 2770 1312 2862">
    <p class='ocr_par' dir='ltr' id='par_1_6' title="bbox 110 2770 1312 2862">
     <span class='ocr_line' id='line_1_22' title="bbox 110 2770 1312 2862; baseline -0.004 -21"><span class='ocrx_word' id='word_1_188' title='bbox 110 2848 116 2857; x_wconf 32' lang='lat'><em>⁴</em></span> <span class='ocrx_word' id='word_1_189' title='bbox 248 2775 329 2859; x_wconf 89' lang='lat' dir='ltr'>apud</span> <span class='ocrx_word' id='word_1_190' title='bbox 352 2774 454 2843; x_wconf 88' lang='lat' dir='ltr'>Strab.</span> <span class='ocrx_word' id='word_1_191' title='bbox 481 2774 560 2840; x_wconf 85' lang='lat' dir='ltr'>VIII</span> <span class='ocrx_word' id='word_1_192' title='bbox 585 2777 614 2856; x_wconf 82' lang='lat'>7,</span> <span class='ocrx_word' id='word_1_193' title='bbox 631 2777 667 2841; x_wconf 88' lang='lat'>4:</span> <span class='ocrx_word' id='word_1_194' title='bbox 696 2777 769 2861; x_wconf 82' lang='grc' dir='ltr'><strong>μετὰ</strong></span> <span class='ocrx_word' id='word_1_195' title='bbox 792 2773 925 2839; x_wconf 85' lang='grc' dir='ltr'><strong>Σικυῶνα</strong></span> <span class='ocrx_word' id='word_1_196' title='bbox 949 2773 1089 2862; x_wconf 86' lang='grc' dir='ltr'><strong>ΙΙελληνη</strong></span> <span class='ocrx_word' id='word_1_197' title='bbox 1112 2783 1225 2837; x_wconf 84' lang='grc' dir='ltr'><strong>κεῖται·</strong></span> <span class='ocrx_word' id='word_1_198' title='bbox 1250 2770 1312 2837; x_wconf 82' lang='grc' dir='ltr'><strong>εἶτα</strong></span> 
     </span>
    </p>
   </div>
   <div class='ocr_carea' id='block_1_6' title="bbox 246 2876 1312 4255">
    <p class='ocr_par' dir='ltr' id='par_1_7' title="bbox 246 2876 1312 4255">
     <span class='ocr_line' id='line_1_23' title="bbox 248 2876 1311 2969; baseline 0 -24"><span class='ocrx_word' id='word_1_199' title='bbox 248 2880 370 2968; x_wconf 73' lang='grc' dir='ltr'><strong>Αἴγειρα</strong></span> <span class='ocrx_word' id='word_1_200' title='bbox 393 2883 532 2966; x_wconf 86' lang='grc' dir='ltr'><strong>δευτέρα·</strong></span> <span class='ocrx_word' id='word_1_201' title='bbox 555 2886 635 2969; x_wconf 82' lang='grc' dir='ltr'><strong>τρίτη</strong></span> <span class='ocrx_word' id='word_1_202' title='bbox 658 2879 748 2964; x_wconf 73' lang='grc' dir='ltr'><strong>Αἰγαί</strong></span> <span class='ocrx_word' id='word_1_203' title='bbox 768 2904 827 2929; x_wconf 92' lang='grc'>-·</span> <span class='ocrx_word' id='word_1_204' title='bbox 853 2886 975 2969; x_wconf 83' lang='grc' dir='ltr'><strong>τετάρτη</strong></span> <span class='ocrx_word' id='word_1_205' title='bbox 999 2880 1120 2964; x_wconf 82' lang='grc' dir='ltr'><strong>Βοῦρα·</strong></span> <span class='ocrx_word' id='word_1_206' title='bbox 1143 2877 1205 2966; x_wconf 81' lang='grc' dir='ltr'><strong>μετ’</strong></span> <span class='ocrx_word' id='word_1_207' title='bbox 1222 2876 1311 2968; x_wconf 77' lang='grc' dir='ltr'><strong>αὐτην</strong></span> 
     </span>
     <span class='ocr_line' id='line_1_24' title="bbox 248 2984 1312 3076; baseline -0.001 -24"><span class='ocrx_word' id='word_1_208' title='bbox 248 2986 353 3075; x_wconf 84' lang='grc' dir='ltr'><strong>Ἑλίκη</strong></span> <span class='ocrx_word' id='word_1_209' title='bbox 378 3010 437 3038; x_wconf 79' lang='lat'>-·</span> <span class='ocrx_word' id='word_1_210' title='bbox 462 2991 537 3075; x_wconf 80' lang='grc' dir='ltr'><strong>μετὰ</strong></span> <span class='ocrx_word' id='word_1_211' title='bbox 560 2988 592 3052; x_wconf 87' lang='grc' dir='ltr'>δὲ</span> <span class='ocrx_word' id='word_1_212' title='bbox 614 2985 736 3076; x_wconf 86' lang='grc' dir='ltr'><strong>Ἑλίκην</strong></span> <span class='ocrx_word' id='word_1_213' title='bbox 758 2985 861 3070; x_wconf 72' lang='grc' dir='ltr'><strong>Αἴγιον</strong></span> <span class='ocrx_word' id='word_1_214' title='bbox 883 2992 934 3051; x_wconf 84' lang='grc' dir='ltr'>καί</span> <span class='ocrx_word' id='word_1_215' title='bbox 956 2984 1061 3061; x_wconf 61' lang='lat' dir='ltr'>‘Pherae</span> <span class='ocrx_word' id='word_1_216' title='bbox 1083 2990 1134 3050; x_wconf 88' lang='grc' dir='ltr'>καὶ</span> <span class='ocrx_word' id='word_1_217' title='bbox 1157 2986 1312 3072; x_wconf 81' lang='grc' dir='ltr'><strong>Πατρεῖς</strong></span> 
     </span>
     <span class='ocr_line' id='line_1_25' title="bbox 247 3092 1309 3182; baseline 0.003 -23"><span class='ocrx_word' id='word_1_218' title='bbox 247 3099 299 3160; x_wconf 81' lang='grc' dir='ltr'>καί</span> <span class='ocrx_word' id='word_1_219' title='bbox 313 3094 447 3181; x_wconf 82' lang='grc' dir='ltr'><strong>Φαρεῖς·</strong></span> <span class='ocrx_word' id='word_1_220' title='bbox 465 3092 513 3159; x_wconf 74' lang='grc' dir='ltr'><strong>εἶτ’</strong></span> <span class='ocrx_word' id='word_1_221' title='bbox 526 3093 650 3168; x_wconf 82' lang='grc' dir='ltr'><strong>Ὤλενος</strong></span> <span class='ocrx_word' id='word_1_222' title='bbox 669 3119 727 3143; x_wconf 91' lang='grc'>-·</span> <span class='ocrx_word' id='word_1_223' title='bbox 746 3093 807 3160; x_wconf 82' lang='grc' dir='ltr'><strong>εἶτα</strong></span> <span class='ocrx_word' id='word_1_224' title='bbox 823 3092 922 3182; x_wconf 82' lang='grc' dir='ltr'><strong>Δι’)μη</strong></span> <span class='ocrx_word' id='word_1_225' title='bbox 938 3098 990 3158; x_wconf 84' lang='grc' dir='ltr'>καί</span> <span class='ocrx_word' id='word_1_226' title='bbox 1005 3093 1139 3179; x_wconf 87' lang='grc' dir='ltr'><strong>Τριιαεῐς</strong></span> <span class='ocrx_word' id='word_1_227' title='bbox 1155 3095 1207 3181; x_wconf 88' lang='lat' dir='ltr'>(cf.</span> <span class='ocrx_word' id='word_1_228' title='bbox 1224 3097 1242 3180; x_wconf 64' lang='grc' dir='ltr'><strong>ξ</strong></span> <span class='ocrx_word' id='word_1_229' title='bbox 1260 3095 1309 3181; x_wconf 88' lang='grc'>5);</span> 
     </span>
     <span class='ocr_line' id='line_1_26' title="bbox 247 3201 1311 3292; baseline -0.003 -23"><span class='ocrx_word' id='word_1_230' title='bbox 247 3204 278 3270; x_wconf 94' lang='lat' dir='ltr'>in</span> <span class='ocrx_word' id='word_1_231' title='bbox 300 3204 382 3272; x_wconf 89' lang='lat' dir='ltr'>Plin.</span> <span class='ocrx_word' id='word_1_232' title='bbox 398 3224 428 3270; x_wconf 93' lang='lat' dir='ltr'>n.</span> <span class='ocrx_word' id='word_1_233' title='bbox 446 3204 491 3269; x_wconf 87' lang='lat' dir='ltr'>h.:</span> <span class='ocrx_word' id='word_1_234' title='bbox 516 3204 560 3270; x_wconf 89' lang='lat' dir='ltr'>IV</span> <span class='ocrx_word' id='word_1_235' title='bbox 577 3207 596 3269; x_wconf 93' lang='grc'>2</span> <span class='ocrx_word' id='word_1_236' title='bbox 613 3201 663 3292; x_wconf 88' lang='grc'>(3)</span> <span class='ocrx_word' id='word_1_237' title='bbox 684 3222 750 3288; x_wconf 88' lang='lat' dir='ltr'>sqq.</span> <span class='ocrx_word' id='word_1_238' title='bbox 771 3203 855 3269; x_wconf 87' lang='lat' dir='ltr'>sinus</span> <span class='ocrx_word' id='word_1_239' title='bbox 872 3202 1061 3269; x_wconf 84' lang='lat' dir='ltr'>Corinthiaci</span> <span class='ocrx_word' id='word_1_240' title='bbox 1083 3221 1146 3282; x_wconf 91' lang='lat' dir='ltr'>ora,</span> <span class='ocrx_word' id='word_1_241' title='bbox 1171 3221 1248 3284; x_wconf 89' lang='lat' dir='ltr'>quae</span> <span class='ocrx_word' id='word_1_242' title='bbox 1271 3201 1311 3266; x_wconf 89' lang='lat' dir='ltr'>ad</span> 
     </span>
     <span class='ocr_line' id='line_1_27' title="bbox 247 3309 1309 3397; baseline -0.004 -19"><span class='ocrx_word' id='word_1_243' title='bbox 247 3311 467 3396; x_wconf 86' lang='lat' dir='ltr'>septentriones</span> <span class='ocrx_word' id='word_1_244' title='bbox 490 3313 521 3376; x_wconf 92' lang='lat' dir='ltr'>et</span> <span class='ocrx_word' id='word_1_245' title='bbox 545 3311 703 3390; x_wconf 89' lang='lat' dir='ltr'>orientem,</span> <span class='ocrx_word' id='word_1_246' title='bbox 729 3316 747 3378; x_wconf 88' lang='lat'>5</span> <span class='ocrx_word' id='word_1_247' title='bbox 765 3309 816 3397; x_wconf 86' lang='grc'>(6)</span> <span class='ocrx_word' id='word_1_248' title='bbox 835 3328 912 3394; x_wconf 92' lang='lat' dir='ltr'>quae</span> <span class='ocrx_word' id='word_1_249' title='bbox 935 3309 975 3375; x_wconf 87' lang='lat' dir='ltr'>ad</span> <span class='ocrx_word' id='word_1_250' title='bbox 997 3309 1155 3376; x_wconf 88' lang='lat' dir='ltr'>meridiem</span> <span class='ocrx_word' id='word_1_251' title='bbox 1178 3311 1309 3394; x_wconf 86' lang='lat' dir='ltr'>spectat:</span> 
     </span>
     <span class='ocr_line' id='line_1_28' title="bbox 247 3417 1310 3499; baseline -0.004 -15"><span class='ocrx_word' id='word_1_252' title='bbox 247 3418 337 3484; x_wconf 88' lang='lat' dir='ltr'>urbes</span> <span class='ocrx_word' id='word_1_253' title='bbox 360 3418 392 3484; x_wconf 90' lang='lat' dir='ltr'>in</span> <span class='ocrx_word' id='word_1_254' title='bbox 415 3417 590 3485; x_wconf 89' lang='lat' dir='ltr'>universum</span> <span class='ocrx_word' id='word_1_255' title='bbox 612 3419 650 3483; x_wconf 90' lang='lat' dir='ltr'>ab</span> <span class='ocrx_word' id='word_1_256' title='bbox 672 3419 742 3483; x_wconf 90' lang='lat' dir='ltr'>ortu</span> <span class='ocrx_word' id='word_1_257' title='bbox 763 3417 801 3482; x_wconf 90' lang='lat' dir='ltr'>ad</span> <span class='ocrx_word' id='word_1_258' title='bbox 818 3435 958 3484; x_wconf 88' lang='lat' dir='ltr'>occasum</span> <span class='ocrx_word' id='word_1_259' title='bbox 974 3418 1178 3496; x_wconf 87' lang='lat' dir='ltr'>recensentur,</span> <span class='ocrx_word' id='word_1_260' title='bbox 1202 3434 1310 3499; x_wconf 89' lang='lat' dir='ltr'>quam·</span> 
     </span>
     <span class='ocr_line' id='line_1_29' title="bbox 247 3522 1310 3610; baseline -0.002 -20"><span class='ocrx_word' id='word_1_261' title='bbox 247 3544 351 3608; x_wconf 88' lang='lat' dir='ltr'>qnam,</span> <span class='ocrx_word' id='word_1_262' title='bbox 375 3525 456 3608; x_wconf 93' lang='lat' dir='ltr'>quod</span> <span class='ocrx_word' id='word_1_263' title='bbox 476 3525 516 3592; x_wconf 91' lang='lat' dir='ltr'>ad</span> <span class='ocrx_word' id='word_1_264' title='bbox 536 3525 631 3592; x_wconf 87' lang='lat' dir='ltr'>situm</span> <span class='ocrx_word' id='word_1_265' title='bbox 647 3525 840 3610; x_wconf 82' lang='lat' dir='ltr'>singularum</span> <span class='ocrx_word' id='word_1_266' title='bbox 856 3524 981 3589; x_wconf 89' lang='lat' dir='ltr'>urbium</span> <span class='ocrx_word' id='word_1_267' title='bbox 996 3523 1119 3603; x_wconf 89' lang='lat' dir='ltr'>attinet,</span> <span class='ocrx_word' id='word_1_268' title='bbox 1144 3522 1217 3589; x_wconf 92' lang='lat' dir='ltr'>ordo</span> <span class='ocrx_word' id='word_1_269' title='bbox 1238 3542 1310 3589; x_wconf 90' lang='lat' dir='ltr'>con-</span> 
     </span>
     <span class='ocr_line' id='line_1_30' title="bbox 248 3627 1311 3716; baseline 0.002 -20"><span class='ocrx_word' id='word_1_270' title='bbox 248 3632 401 3709; x_wconf 89' lang='lat' dir='ltr'>funditur;</span> <span class='ocrx_word' id='word_1_271' title='bbox 427 3633 479 3698; x_wconf 92' lang='lat' dir='ltr'>sed</span> <span class='ocrx_word' id='word_1_272' title='bbox 502 3631 555 3697; x_wconf 87' lang='lat' dir='ltr'>nbi</span> <span class='ocrx_word' id='word_1_273' title='bbox 574 3631 671 3716; x_wconf 91' lang='lat' dir='ltr'>Dyme</span> <span class='ocrx_word' id='word_1_274' title='bbox 693 3635 725 3697; x_wconf 91' lang='lat' dir='ltr'>et</span> <span class='ocrx_word' id='word_1_275' title='bbox 744 3632 857 3697; x_wconf 87' lang='lat' dir='ltr'>Patrae</span> <span class='ocrx_word' id='word_1_276' title='bbox 880 3634 1106 3710; x_wconf 84' lang='lat' dir='ltr'>enumerantur,</span> <span class='ocrx_word' id='word_1_277' title='bbox 1131 3627 1205 3697; x_wconf 89' lang='lat' dir='ltr'>ordo</span> <span class='ocrx_word' id='word_1_278' title='bbox 1229 3633 1311 3698; x_wconf 88' lang='lat' dir='ltr'>recte</span> 
     </span>
     <span class='ocr_line' id='line_1_31' title="bbox 247 3737 1309 3824; baseline -0.002 -19"><span class='ocrx_word' id='word_1_279' title='bbox 247 3759 279 3805; x_wconf 90' lang='lat' dir='ltr'>se</span> <span class='ocrx_word' id='word_1_280' title='bbox 294 3740 403 3806; x_wconf 91' lang='lat' dir='ltr'>habet:</span> <span class='ocrx_word' id='word_1_281' title='bbox 420 3739 612 3805; x_wconf 88' lang='lat' dir='ltr'>Panhormus</span> <span class='ocrx_word' id='word_1_282' title='bbox 627 3740 745 3824; x_wconf 91' lang='lat' dir='ltr'>portus,</span> <span class='ocrx_word' id='word_1_283' title='bbox 760 3738 877 3804; x_wconf 88' lang='lat' dir='ltr'>Rhium</span> <span class='ocrx_word' id='word_1_284' title='bbox 890 3737 1147 3823; x_wconf 89' lang='lat' dir='ltr'>promunturium,</span> <span class='ocrx_word' id='word_1_285' title='bbox 1160 3738 1309 3820; x_wconf 87' lang='lat' dir='ltr'>Patrae,</span> 
     </span>
     <span class='ocr_line' id='line_1_32' title="bbox 246 3841 1309 3931; baseline -0.001 -21"><span class='ocrx_word' id='word_1_286' title='bbox 246 3845 278 3912; x_wconf 90' lang='lat' dir='ltr'>in</span> <span class='ocrx_word' id='word_1_287' title='bbox 294 3845 524 3912; x_wconf 87' lang='lat' dir='ltr'>mediterraneis</span> <span class='ocrx_word' id='word_1_288' title='bbox 543 3847 671 3925; x_wconf 91' lang='lat' dir='ltr'>Pherae,</span> <span class='ocrx_word' id='word_1_289' title='bbox 694 3841 812 3911; x_wconf 77' lang='lat' dir='ltr'>‘ultra</span> <span class='ocrx_word' id='word_1_290' title='bbox 835 3847 984 3913; x_wconf 89' lang='lat' dir='ltr'>Patras</span> <span class='ocrx_word' id='word_1_291' title='bbox 1007 3844 1152 3931; x_wconf 90' lang='lat' dir='ltr'>oppidum</span> <span class='ocrx_word' id='word_1_292' title='bbox 1168 3843 1309 3926; x_wconf 89' lang='lat' dir='ltr'>Olenum,</span> 
     </span>
     <span class='ocr_line' id='line_1_33' title="bbox 247 3950 1310 4039; baseline -0.003 -20"><span class='ocrx_word' id='word_1_293' title='bbox 247 3953 365 4020; x_wconf 89' lang='lat' dir='ltr'>colonia</span> <span class='ocrx_word' id='word_1_294' title='bbox 385 3954 413 4018; x_wconf 99' lang='lat' dir='ltr'>D</span> <span class='ocrx_word' id='word_1_295' title='bbox 420 3950 533 4039; x_wconf 77' lang='lat' dir='ltr'>yme’3</span> <span class='ocrx_word' id='word_1_296' title='bbox 558 3952 638 4037; x_wconf 92' lang='lat' dir='ltr'>apud</span> <span class='ocrx_word' id='word_1_297' title='bbox 654 3953 751 4021; x_wconf 86' lang='lat' dir='ltr'>Ptol:</span> <span class='ocrx_word' id='word_1_298' title='bbox 775 3953 822 4019; x_wconf 94' lang='lat' dir='ltr'>Ill</span> <span class='ocrx_word' id='word_1_299' title='bbox 842 3955 893 4033; x_wconf 87' lang='lat'>16,</span> <span class='ocrx_word' id='word_1_300' title='bbox 911 3956 929 4019; x_wconf 88' lang='lat'><strong>3</strong></span> <span class='ocrx_word' id='word_1_301' title='bbox 948 3974 994 4037; x_wconf 89' lang='lat' dir='ltr'>sq.</span> <span class='ocrx_word' id='word_1_302' title='bbox 1010 3952 1191 4032; x_wconf 88' lang='lat' dir='ltr'>Lechaeum,</span> <span class='ocrx_word' id='word_1_303' title='bbox 1214 3950 1310 4035; x_wconf 88' lang='lat' dir='ltr'>Asopi</span> 
     </span>
     <span class='ocr_line' id='line_1_34' title="bbox 247 4056 1308 4146; baseline -0.007 -18"><span class='ocrx_word' id='word_1_304' title='bbox 247 4064 278 4128; x_wconf 86' lang='lat' dir='ltr'>et</span> <span class='ocrx_word' id='word_1_305' title='bbox 301 4060 417 4146; x_wconf 83' lang='lat' dir='ltr'>Sythae</span> <span class='ocrx_word' id='word_1_306' title='bbox 440 4061 528 4140; x_wconf 87' lang='lat' dir='ltr'>ostia,</span> <span class='ocrx_word' id='word_1_307' title='bbox 553 4066 572 4128; x_wconf 85' lang='lat'>5</span> <span class='ocrx_word' id='word_1_308' title='bbox 596 4061 734 4127; x_wconf 85' lang='lat' dir='ltr'>Achaea:</span> <span class='ocrx_word' id='word_1_309' title='bbox 763 4057 897 4144; x_wconf 74' lang='grc' dir='ltr'><strong>Αἴγειρα,</strong></span> <span class='ocrx_word' id='word_1_310' title='bbox 926 4058 1035 4142; x_wconf 71' lang='grc' dir='ltr'><strong>Αἴγιον,</strong></span> <span class='ocrx_word' id='word_1_311' title='bbox 1059 4056 1188 4144; x_wconf 82' lang='grc' dir='ltr'><strong>Ἑρινεὸς</strong></span> <span class='ocrx_word' id='word_1_312' title='bbox 1211 4059 1308 4145; x_wconf 83' lang='grc' dir='ltr'><strong>λιμήν,</strong></span> 
     </span>
     <span class='ocr_line' id='line_1_35' title="bbox 246 4163 1308 4255; baseline -0.004 -22"><span class='ocrx_word' id='word_1_313' title='bbox 246 4167 323 4234; x_wconf 82' lang='grc' dir='ltr'><strong>Ῥίον</strong></span> <span class='ocrx_word' id='word_1_314' title='bbox 354 4167 445 4255; x_wconf 77' lang='grc' dir='ltr'><strong>ἄκρον</strong></span> <span class='ocrx_word' id='word_1_315' title='bbox 474 4172 506 4233; x_wconf 85' lang='grc' dir='ltr'>τὸ</span> <span class='ocrx_word' id='word_1_316' title='bbox 535 4172 587 4233; x_wconf 85' lang='grc' dir='ltr'>καί</span> <span class='ocrx_word' id='word_1_317' title='bbox 616 4165 773 4255; x_wconf 78' lang='grc' dir='ltr'><strong>Δρέπανον,</strong></span> <span class='ocrx_word' id='word_1_318' title='bbox 810 4167 995 4239; x_wconf 78' lang='grc' dir='ltr'><strong>Ποσειδῶνος</strong></span> <span class='ocrx_word' id='word_1_319' title='bbox 1024 4163 1109 4252; x_wconf 82' lang='grc' dir='ltr'><strong>ἱερόν,</strong></span> <span class='ocrx_word' id='word_1_320' title='bbox 1144 4165 1308 4251; x_wconf 82' lang='grc' dir='ltr'><strong>Πάτραι,</strong></span> 
     </span>
    </p>
   </div>
   <div class='ocr_carea' id='block_1_7' title="bbox 0 0 1572 4964">
    <p class='ocr_par' dir='ltr' id='par_1_8' title="bbox 0 0 1572 4964">
     <span class='ocr_line' id='line_1_36' title="bbox 0 0 1572 4964; baseline 0 0"><span class='ocrx_word' id='word_1_321' title='bbox 0 0 1572 4964; x_wconf 95' lang='lat' dir='ltr'> </span> 
     </span>
    </p>
   </div>
  </div>
 </body>
</html>
