3134 4964
672 448 892 509 ..10-

247 637 378 717 Ὤλενος,
401 638 521 728 Δὺμη,
540 637 676 726 Ἄραξος
691 638 811 726 (ἄκρα);
835 643 992 723 postremo
1017 640 1098 724 apud
1120 641 1172 706 Ps.
1189 641 1311 725 Soymn.

248 750 312 814 470
322 767 402 831 sqq.:
415 747 627 830 primumpars
637 747 884 830 septentrionalis
896 748 979 812 alnus
992 746 1192 826 Corinthiaci,
1205 747 1313 813 deinde

248 853 413 932 orientalis,
438 857 504 919 tum
527 854 750 920 meridionalis:
775 853 896 938 Sicyon,
920 853 1052 934 Achaea,
1076 857 1144 918 tum
1168 855 1312 919 secuntur

248 961 324 1042 Elis,
349 962 509 1041 Messenia,
534 963 608 1027 cett.
633 959 770 1046 (singula
793 961 914 1044 oppida,
938 979 1125 1044 quamquam
1148 980 1208 1026 non
1231 979 1312 1026 com-

249 1072 427 1146 memorata,
444 1068 551 1134 eodem
568 1067 682 1148 ordine,
700 1087 760 1150 quo
777 1088 878 1151 supra,
900 1068 1069 1151 nuncupari
1084 1087 1204 1134 necesse
1220 1066 1312 1154 erat).

316 1175 374 1242 Sed
403 1174 525 1241 etiamsi
555 1195 590 1240 ex
620 1175 748 1261 Sicyone
771 1176 890 1260 Dymae
913 1175 1009 1241 situm
1033 1174 1209 1259 designasse
1231 1175 1313 1239 Pau·

249 1283 365 1348 santam
388 1282 533 1347 credibile
556 1283 606 1359 sit,
637 1284 740 1348 tamen
770 1283 828 1348 hoc
860 1301 933 1347 casu
960 1282 1076 1348 factum
1104 1287 1189 1365 puto.
1228 1283 1312 1347 inve-

248 1390 374 1455 niuntur
395 1389 475 1455 enim
496 1388 574 1472 apud
597 1409 667 1454 eum
683 1390 753 1468 loci,
778 1390 888 1473 quibus
913 1409 1098 1473 quemquam
1126 1390 1313 1473 praepositio

248 1493 320 1580 irrep
350 1514 409 1560 non
439 1497 542 1562 valere
569 1498 673 1580 potest
703 1498 762 1562 nisi
792 1493 944 1582 ‘yenseits',
975 1516 1046 1562 cum
1075 1497 1122 1564 vis
1148 1493 1313 1563 ‘eberhalb’

247 1603 338 1686 plane
361 1603 532 1669 reiectanea
555 1605 607 1684 sit,
630 1606 735 1670 tamen
755 1605 814 1670 hac
833 1604 986 1688 particula
1002 1604 1142 1689 regiones
1157 1604 1203 1670 ita
1218 1603 1313 1689 signi-

249 1711 390 1789 ficantur,
423 1712 468 1790 ut,
492 1729 558 1793 quo
588 1730 651 1776 sese
681 1711 832 1794 excipiant
860 1711 976 1791 ordine,
1008 1713 1132 1777 omnino
1160 1730 1219 1778 non
1247 1729 1313 1796 per·

249 1817 369 1902 spicios,
393 1818 419 1882 si
442 1836 533 1899 quem
556 1818 724 1885 Pausanias
747 1820 831 1884 tenet
854 1819 955 1884 locum
978 1820 1042 1901 ipsa
1064 1819 1184 1884 teneas:

316 1925 394 1989 VIII
408 1927 495 2003 54‚3
516 1922 545 2007 (ὁ
561 1922 715 2013 Ἀλφειὸς)
738 1922 888 1990 ἐκδίδωσιν
908 1922 993 2010 ὑπὲρ
1009 1924 1216 2014 Κυλλήνης,
1238 1921 1313 1988 ἐπι-

248 2036 341 2096 retou
357 2041 415 2095 τοῦ
430 2029 562 2109 Ἠλείων,
579 2030 609 2106 ἐς
621 2037 671 2120 τὴν
684 2034 853 2101 θάλασσαν.
877 2029 1025 2116 ‘Alpheus
1040 2035 1150 2099 ultra
1166 2031 1313 2117 Cyllenen

248 2140 279 2203 in
298 2158 382 2204 mere
398 2136 587 2205 effunditur:
612 2143 693 2206 recte
717 2140 839 2223 quidem
862 2141 921 2208 hoc
943 2160 997 2224 per
1020 2160 1062 2220 se,
1087 2140 1139 2206 sed
1154 2141 1200 2205 ita
1215 2139 1313 2206 dicere

251 2265 311 2312 non
326 2248 458 2328 poterat,
483 2247 544 2330 qui,
569 2250 605 2312 ut
619 2247 797 2326 Pausanias,
815 2247 927 2331 Alphei
944 2248 1057 2313 ostium
1073 2267 1092 2313 a
1107 2247 1313 2332 Tegeatarum

251 2353 335 2438 agris
351 2353 512 2419 denotaret
534 2353 605 2440 (bos
622 2355 738 2420 scilieet
753 2354 910 2439 periegeta
932 2354 1023 2420 modo
1046 2354 1207 2437 descripsit
1226 2355 1258 2420 et
1278 2373 1314 2420 ex

249 2461 292 2526 eis
315 2460 450 2525 fluminis
473 2480 598 2528 cursum
621 2480 716 2544 usque
739 2463 778 2527 ad
806 2462 920 2527 ostium
948 2460 1161 2548 sequitur)¹⁶),
1192 2463 1314 2544 poterat

249 2567 276 2631 is
306 2570 437 2648 tantum,
469 2569 521 2651 qui
544 2567 690 2634 Eleorum
719 2569 795 2634 litus
821 2568 892 2634 inde
920 2588 938 2632 a
961 2567 1221 2652 septentrionibus
1245 2586 1314 2649 per-

249 2675 396 2741 lustraret
411 2675 572 2742 meridiem
588 2694 706 2754 versus;
724 2695 794 2741 nam
811 2676 912 2743 confer
927 2677 1065 2742 locorum
1081 2674 1216 2742 ordinem
1232 2674 1314 2757 opud

251 2784 301 2849 Ps.
316 2783 415 2867 Scyl:
440 2785 481 2848 42
503 2783 627 2862 Patrue,
651 2784 761 2867 Dyme,
785 2786 827 2850 43
849 2782 931 2849 Elis:
957 2781 1128 2870 Κυλλήνη
1152 2785 1203 2845 καὶ
1226 2782 1314 2868 λιμὴν

250 2894 301 2954 καὶ
323 2893 457 2976 ποταμὸς
480 2888 661 2977 Ἀλφειός,
686 2893 728 2956 44
745 2890 888 2972 Arcadia,
912 2890 961 2956 oui
985 2889 1167 2974 Triphyliae
1190 2908 1243 2954 ora
1266 2891 1314 2953 at·

250 2997 409 3076 tribuitur,
432 2999 474 3064 45
491 2998 657 3075 Messenia;
682 2998 763 3080 apud
779 2997 896 3064 Straba
921 2997 999 3062 VIII
1015 3000 1080 3075 3,4
1101 2997 1222 3063 Araxus
1243 3014 1314 3078 pro·

250 3104 452 3185 munturium,
478 3104 646 3190 Cyllene,
671 3105 856 3172 Chelonatas
879 3104 1139 3189 promunturium,
1165 3106 1206 3169 12
1229 3103 1315 3168 Phea

250 3213 282 3277 et
305 3211 433 3296 Ichthys
456 3213 678 3296 promunturia,
702 3210 760 3277 ee*
782 3211 798 3276 ὁ
821 3210 987 3299 Ἀλφειὸς
1010 3208 1157 3294 ἐκδίδωσι,
1184 3214 1224 3277 13
1249 3230 1314 3295 sqq.

251 3317 449 3404 Thriphylia;
481 3320 512 3384 in
536 3320 617 3384 Plin.
642 3341 670 3387 n.
696 3321 742 3385 h.:
777 3321 821 3385 IV
845 3321 864 3386 5
890 3318 940 3405 (6)
962 3315 1092 3384 ‘colonia
1115 3319 1224 3403 Dyme,
1248 3318 1315 3385 loca

250 3425 447 3508 Buprasium,
460 3426 619 3511 Hyrmine,
637 3426 888 3509 promunturium
901 3426 1030 3504 Araxus,
1048 3425 1205 3511 Cyllenius
1220 3425 1314 3504 sinus,

250 3532 499 3615 promunturium
525 3532 726 3614 Chelonatas,
758 3533 837 3598 unde
860 3532 1037 3617 Cyllenen
1066 3533 1094 3598 V
1116 3554 1159 3617 p,
1185 3533 1315 3598 -Elis

250 3639 283 3704 in
311 3639 534 3706 mchterraneo
562 3642 594 3706 et
622 3661 641 3706 a
668 3640 745 3727 Pylo
769 3640 849 3706 XIII
878 3640 963 3706 intus
993 3640 1156 3706 delubrum
1179 3640 1315 3725 Olympii

252 3746 335 3812 Iovis
353 3784 390 3793 -
403 3747 582 3814 Pisaeorum
599 3747 753 3831 quondam
772 3747 928 3830 oppidum,
947 3749 1182 3831 praeterfluente
1193 3747 1314 3830 Alpheo

252 3872 349 3920 amne.
381 3857 414 3919 at
443 3855 476 3919 in
506 3874 559 3920 ora
581 3855 828 3938 promunturium
852 3855 989 3940 Ichthys.
1026 3855 1125 3923 amnis
1148 3854 1316 3938 Alpheus

324 4014 355 4084 18)
374 4016 415 4071 De
426 4016 492 4081 loco,
511 4032 561 4085 quo
573 4015 657 4070 libros
669 4033 730 4071 suos
745 4016 929 4087 conscripserit
941 4016 1097 4080 Pausanias,
1116 4015 1235 4084 cogitare
1246 4013 1316 4068 nihil

251 4103 338 4171 refert,
358 4105 482 4176 quoniam
508 4104 540 4159 de
558 4121 589 4159 ca
607 4121 635 4159 re
653 4121 699 4160 nec
718 4105 773 4176 ipse
791 4106 926 4177 periegetc
945 4105 1103 4161 mentionem
1129 4103 1195 4159 facit
1219 4119 1266 4158 nec
1285 4119 1316 4157 cx

251 4211 326 4264 opere
344 4195 400 4250 eius
418 4195 560 4265 quicquam
579 4194 670 4263 colligi
689 4197 783 4264 potest.
