3134 4964
673 486 893 545 ..70-

248 678 307 741 huc
330 677 457 751 accedit,
482 676 562 758 quod
585 676 757 742 Ulrichsius
768 677 822 761 169)
850 695 942 759 supro
966 677 1158 742 Cessotidem
1183 677 1315 762 vestigia

248 785 379 850 Leschee
395 785 564 866 repperisse
580 784 639 848 sibi
655 783 738 850 uisus
755 787 817 862 est3
842 785 880 849 cf.
898 785 988 849 Burs.
1005 785 1028 848 1.
1045 803 1070 852 c.
1092 784 1107 848 Ι
1128 804 1158 866 p.
1179 787 1240 852 177
1258 804 1313 868 οη,

247 892 287 957 H.
312 891 512 975 Pomptovius
534 887 691 975 ‘Boiorige
715 912 740 955 κ.
762 892 896 975 Topogr.
919 912 949 956 ν.
973 888 1096 974 Delphi’
1118 911 1149 974 p.
1167 894 1207 957 40
1225 912 1269 974 sq.

293 999 324 1062 H
355 1000 431 1076 3,6
464 994 554 1081 ὑπὲρ
586 999 725 1086 ταὺτην
757 1002 911 1085 πεποίηται
941 1002 1005 1085 τήν
1032 1003 1175 1087 κρήνην
1204 1001 1255 1061 καὶ
1282 1001 1313 1062 τὸ

246 1106 427 1191 καλοάμενον
457 1102 587 1168 Ὠιδεῖον.
622 1124 692 1170 cum
726 1105 792 1187 via,
826 1124 903 1187 quae
936 1125 952 1169 e
986 1105 1051 1170 foro
1084 1104 1313 1173 Corinthiorum

247 1211 407 1297 Sicyonem
431 1213 577 1290 docebere,
610 1213 758 1278 adonira
787 1213 962 1297 marginem
985 1232 1073 1278 areae
1096 1213 1250 1290 sublimis,
1282 1214 1314 1277 in

247 1338 307 1400 qua
331 1319 497 1385 Corinthus
527 1319 649 1385 condite
680 1322 764 1400 erat,
796 1339 814 1384 a
844 1319 931 1385 laeva
961 1318 1078 1385 radices
1101 1320 1314 1386 Acrocorinthi

246 1427 373 1492 haberet
384 1425 448 1511 ¹⁶⁰),
472 1425 590 1491 Odeum
614 1427 652 1491 ed
675 1427 753 1492 hano
768 1426 850 1491 viem
866 1426 961 1491 situm
978 1427 1200 1492 Acrocorintho
1217 1427 1314 1509 appli-

247 1535 350 1597 catum
373 1532 465 1597 fuisse
488 1535 725 1598 consentaneum
749 1535 811 1609 est3
837 1552 929 1615 quare
953 1533 1044 1598 facile
1059 1533 1125 1598 fieri
1142 1535 1252 1616 podest,
1276 1535 1312 1599 ui

247 1659 338 1722 supra
367 1638 502 1705 Gleucee
532 1642 659 1722 puteum
690 1640 793 1704 fuerit.
828 1640 867 1707 cf.
901 1639 987 1706 Curi.
1019 1641 1040 1706 1.
1065 1660 1091 1705 c.
1124 1641 1155 1705 II
1185 1661 1216 1723 p.
1238 1644 1311 1722 531,

247 1748 335 1813 Burs.
360 1746 382 1810 l.
406 1766 431 1812 c.
456 1746 486 1810 11
510 1765 541 1828 p.
560 1747 617 1822 16,
649 1746 701 1829 qui
724 1746 842 1811 Odeum
874 1766 944 1811 cum
977 1749 1087 1814 ceteris
1114 1747 1259 1812 aedificiis
1282 1748 1312 1811 in

247 1853 353 1918 dextra
376 1854 443 1918 viae
465 1857 552 1935 parte
575 1854 750 1919 collocavit.

314 1961 329 2023 Ι
355 1963 439 2037 ld]
475 1962 539 2023 ναοὶ
570 1960 602 2023 δὲ
625 1957 710 2043 ὑπὲρ
741 1964 802 2047 την
832 1967 965 2048 κρήνην
996 1962 1051 2039 (sc.
1075 1959 1312 2048 Ἐννεάκροονον)

247 2065 263 2130 ὁ
287 2071 338 2153 μὲν
361 2065 520 2155 Δήμητρος
543 2072 697 2154 πεποίηται
719 2071 770 2130 κοά
793 2066 914 2155 Κόρης,
939 2066 969 2132 ἐν
993 2069 1025 2132 δὲ
1048 2081 1088 2153 τῷ
1112 2067 1313 2154 Τριπτολέμου

246 2179 376 2261 κείμενόν
400 2172 473 2239 ἐστιν
497 2174 628 2261 ἄγαλμά.
653 2177 688 2241 de
711 2177 822 2240 horum
845 2177 1033 2258 templorum
1057 2178 1120 2242 situ
1143 2178 1219 2242 nihil
1235 2178 1309 2242 ceut'

247 2283 307 2347 dici
337 2282 465 2364 poterii,
498 2283 596 2365 quoad
627 2282 663 2347 de
695 2283 755 2347 isia
784 2283 823 2347 ad
851 2284 1085 2350 Enneacrunum
1115 2285 1312 2368 digressione,

248 2409 326 2472 quiae
355 2390 483 2468 dicitur,
515 2390 721 2455 controuersia
752 2409 811 2455 nou
842 2391 901 2455 erit
928 2391 1088 2474 dirempta.
1113 2392 1151 2456 cf.
1175 2391 1311 2478 Lolling.

248 2498 269 2561 l.
294 2517 320 2563 c.
346 2498 393 2561 111
416 2518 447 2580 p.
464 2500 529 2563 310
553 2500 584 2562 et
607 2501 670 2562 317
701 2517 770 2562 oum
799 2499 1109 2564 commentationibus
1132 2499 1311 2575 inieratis,

249 2603 466 2669 Weizsaecker.
490 2605 512 2668 l.
537 2624 562 2668 c.
587 2625 616 2686 p.
635 2607 698 2670 666
716 2625 759 2686 sq.

314 2712 358 2775 VI
383 2713 470 2789 24,1
499 2709 584 2795 ἑτέρα
608 2712 640 2774 δὲ
663 2711 766 2784 ἔξοδος
789 2709 823 2774 ἐκ
846 2721 896 2775 τοῦ
920 2718 1079 2799 ηομνοτοὶοο
1103 2718 1183 2800 μέρει
1206 2717 1257 2798 μὲν
1280 2713 1312 2785 ’ές

238 2826 278 2880 ’τε
302 2822 353 2904 τήν
376 2817 486 2902 ἀγοράν
515 2823 566 2881 καὶ
596 2816 642 2881 ἐπὶ
672 2822 719 2883 τὸν
743 2816 997 2883 Ἑλλάνοδικεάνα
1027 2820 1222 2905 καλοάμενον,
1252 2819 1312 2882 ἔστι

249 2925 281 2986 δὲ
304 2921 387 3008 ὑπὲρ
411 2935 460 2988 τοῦ
484 2922 652 3012 Ἀχιλλέως
674 2929 730 2989 τὸν
754 2930 872 3014 τάμον.
901 2929 939 2991 cf.
957 2928 1000 2991 Vl
1025 2931 1114 3004 21‚3
1143 2924 1229 3012 ὑπὲρ
1252 2937 1311 2990 τοῦ

248 3037 431 3118 μνήματος
447 3029 558 3116 ἐρείπιά
574 3029 819 3119 οἰκοδομημάτων
836 3033 891 3119 (sc.
909 3032 1008 3119 ἐστίν).
1029 3054 1098 3099 cum
1115 3035 1212 3099 Elidis
1227 3034 1312 3099 urbis

247 3139 453 3222 topographia
476 3139 576 3204 adhuc
599 3141 629 3204 in
654 3140 746 3204 dubio
771 3145 918 3219 versetur,
943 3142 1020 3205 nihil
1044 3141 1119 3206 certi
1143 3141 1180 3205 de
1204 3144 1311 3224 portae

246 3244 330 3312 illius
354 3246 415 3311 situ
440 3247 498 3312 dici
521 3250 632 3329 potest.
658 3247 725 3311 vide
749 3246 837 3312 Curi.
861 3249 884 3312 1.
908 3269 933 3314 c.
959 3249 989 3314 11
1013 3271 1043 3332 p.
1061 3251 1113 3326 29,
1137 3250 1228 3313 Burs.
1244 3248 1266 3312 l.
1284 3268 1309 3315 c.

247 3353 277 3417 11
301 3374 332 3436 p.
349 3357 424 3420 304.

313 3461 342 3524 V
368 3465 419 3539 11,
438 3463 456 3526 7
481 3458 527 3524 ἐπὶ
551 3461 582 3523 δὲ
605 3470 665 3532 τοῖς
688 3460 826 3525 ἀνωτάτην
849 3471 899 3525 τοῦ
915 3464 1024 3546 θρόνου
1048 3462 1143 3544 (Iovis
1159 3463 1310 3549 Olympii)

248 3572 405 3655 πεποίηκεν
422 3565 437 3631 ὁ
454 3565 577 3638 Φειδίας
599 3565 683 3651 ὑπὲρ
707 3573 765 3655 τήν
788 3570 948 3657 κεφαλήν
972 3579 1021 3633 τοῦ
1038 3567 1211 3655 ἀγάλματος
1227 3579 1310 3633 τοῦτο

248 3679 300 3760 μὲν
317 3674 448 3760 Χάριτας
471 3683 554 3737 τοῦτο
579 3675 611 3737 δὲ
630 3673 736 3759 Ὥρας,
760 3686 836 3758 τρεῖς
859 3674 1011 3760 ἑκατέρας.
1036 3697 1070 3741 eu
1094 3680 1146 3757 eis,
1175 3697 1251 3759 quae
1274 3679 1311 3743 de

247 3782 358 3846 throno
382 3782 464 3846 Iovis
488 3764 625 3866 Olympii
649 3785 739 3847 antee
761 3783 921 3862 dicuntur,
954 3776 1077 3849 Gratias
1101 3786 1132 3848 ei
1154 3784 1255 3850 Horas
1278 3786 1309 3849 in

247 3888 386 3971 pestibus
410 3889 512 3954 throni
536 3890 649 3954 aversis
672 3890 793 3956 stetisse
816 3890 954 3955 videmus
977 3890 1083 3956 eodem
1111 3892 1218 3969 modo,
1250 3911 1309 3973 quo

320 4104 367 4192 ¹⁵⁶)
387 4121 489 4176 ‘Reiscn
510 4139 535 4175 u.
555 4121 728 4191 Forschung?
749 4123 867 4193 1p393
889 4125 947 4179 107·

319 4209 363 4280 160)
383 4209 423 4266 cf.
443 4210 516 4266 Ocri.
535 4211 553 4265 l.
572 4212 590 4265 l.
610 4211 639 4265 ΙΙ
659 4230 684 4281 p.
698 4211 759 4270 532.
