3134 4964
676 429 896 495 ..31-

250 629 352 690 οικέειν
374 622 576 710 Ἀριμασποὺς
599 621 709 709 ἄνδρας
733 625 999 712 μουνοφθάλμους,
1026 621 1111 711 ὑπὲρ
1133 625 1165 688 δὲ
1187 627 1315 693 τοάτων

249 734 318 805 τοὺς
347 732 583 819 χρυσοφάλακας
614 740 740 818 γρῦπας,
773 734 901 796 τουτων
935 731 967 795 δὲ
997 734 1066 805 τοὺς
1096 729 1315 819 Ὑπερβορέους.

250 839 484 923 Arimasporum
514 843 598 905 terra
624 858 679 922 per
706 839 850 905 altiorem
878 840 1035 924 regionem
1064 832 1194 924 patebat
1223 861 1316 924 quam

250 947 445 1025 Issedonum‚
475 946 556 1030 qnod
585 947 619 1011 hi
648 947 804 1030 propiores
831 945 931 1013 Ponto
959 945 1077 1012 Euxino
1108 950 1139 1012 et
1166 947 1315 1016 Maeotidi

250 1055 331 1122 lacui
347 1056 449 1132 erant;
474 1054 513 1120 oi.
530 1056 624 1119 Paus.
641 1055 725 1134 131,
743 1057 778 1131 2;
802 1054 918 1121 Herod.
935 1054 980 1119 IV
1003 1056 1042 1121 17
1059 1073 1136 1137 sqq„
1160 1055 1214 1120 ubi
1237 1057 1315 1123 situs

249 1163 421 1230 multarum
448 1163 603 1247 gentium,
633 1181 711 1245 quae
745 1180 763 1227 a
785 1161 1016 1246 septentrionali
1038 1163 1132 1229 Ponti
1154 1164 1265 1230 Euxini
1287 1167 1318 1231 et

250 1270 416 1339 Maeotidis
440 1271 526 1336 laorrs
550 1270 648 1335 latero
670 1269 868 1347 habitabant,
897 1269 1005 1335 eodem
1028 1270 1119 1337 modo
1142 1271 1316 1338 deseribun-

250 1381 317 1455 tur;
340 1378 422 1444 Pliu.
444 1398 474 1444 n.
495 1378 526 1444 h.
548 1376 594 1441 IV
619 1379 658 1442 12
683 1374 767 1463 (26).
801 1377 959 1461 ogregiam
987 1372 1058 1463 ὑπέρ
1084 1379 1316 1462 praepositionis

250 1487 356 1551 nostro
379 1484 446 1551 loeo
470 1483 628 1550 adhibitae
652 1483 887 1566 explicationem
909 1483 1036 1567 praebet
1052 1484 1224 1569 Stephanus
1240 1488 1315 1570 Byz.

250 1612 274 1658 s.
286 1613 316 1659 v.
326 1588 525 1676 Ὑπερβίρεοιῑ
539 1588 609 1655 ἄνω
619 1587 746 1655 Σκυθῶν
758 1586 930 1678 Ἰσσηδόνας
942 1587 1038 1666 οἰκεῖν,
1049 1593 1178 1658 τουτων
1190 1589 1316 1659 δ’ἀνυ·

250 1705 337 1785 τέρω
360 1697 573 1785 Ἀριμασποὺς,
596 1696 665 1763 ἅνω
690 1695 715 1760 δ’
725 1694 916 1784 Ἀριμασπῶν
939 1701 976 1762 τά
998 1695 1117 1762 Ῥίπαια
1140 1697 1204 1787 δ’ρη.

315 1808 346 1873 Χ
373 1810 426 1885 38,
456 1809 474 1872 8
505 1808 612 1870 τουτων
642 1806 675 1869 δέ
704 1816 760 1870 τῶν
788 1803 914 1889 Λοκρῶν
949 1806 1065 1870 τοσαίδε
1097 1804 1187 1870 ἄλλαι
1216 1810 1316 1881 πόλεις

250 1911 327 1991 εἰσίν,
351 1912 412 1978 ἄνω
433 1916 485 1999 μὲν
500 1909 585 1996 ὑπὲρ
600 1909 802 2000 Ἀμφίσσης
817 1916 890 1996 πρὸς
905 1912 1023 2000 ἤπειρον
1038 1910 1170 1992 Μυωνία,
1187 1916 1317 1987 σταδίοις

250 2020 390 2104 ἀπωτέρω
419 2024 573 2104 τριάκοντα
603 2015 784 2107 Ἀμφίσσης.
827 2019 954 2104 Myonia
983 2019 1056 2084 urbs
1084 2021 1116 2085 in
1146 2021 1316 2088 declivibus

250 2128 389 2213 partibus
411 2127 539 2193 Parnasi
561 2127 675 2192 montis
698 2132 779 2205 erat,
808 2144 827 2191 a
855 2127 933 2191 mari
961 2145 997 2194 ea
1024 2126 1147 2210 quidem
1169 2129 1317 2196 remotior

249 2255 343 2320 quam
367 2236 535 2318 Amphissa
557 2234 686 2318 ideoque
709 2233 862 2317 superiore
885 2233 952 2301 looo
978 2233 1051 2311 sita3
1081 2234 1161 2317 quod
1189 2239 1317 2319 apparet

252 2363 323 2409 eum
339 2363 375 2410 ex
390 2342 492 2409 verbis
508 2340 568 2406 άνυ
589 2380 628 2390 -
651 2344 725 2428 πρὸς
744 2340 871 2428 ἤπειρον,
892 2343 960 2406 tum
975 2360 1011 2406 ex
1031 2341 1049 2425 ς
1067 2343 1097 2420 9,
1119 2342 1172 2407 ubi
1188 2343 1316 2427 Myanes

250 2469 342 2534 supra
366 2451 565 2535 Amphissam
593 2449 769 2516 habitantes
799 2452 993 2532 opponuntur
1015 2449 1085 2515 aliis
1109 2449 1246 2516 Locridis
1270 2451 1316 2517 in·

249 2557 339 2635 eolis,
371 2557 423 2640 qui
446 2557 485 2623 ad
513 2576 608 2635 mare,
637 2556 658 2620 i.
675 2575 701 2623 e.
718 2555 799 2621 infra
822 2555 1021 2639 Amphissam
1048 2556 1215 2623 sedebant:
1239 2553 1317 2621 οὗτοι

250 2663 305 2749 (sc.
322 2660 348 2728 οἱ
364 2662 498 2750 Μυᾶνες)
522 2667 574 2750 μέν
598 2663 635 2752 δὴ
657 2659 873 2747 ὑπεροικοῦσιν
888 2661 1067 2753 Ἀμφίσσης·
1090 2660 1137 2728 ἐπὶ
1157 2664 1317 2752 θαλάσσης

250 2770 282 2835 δὲ
305 2767 447 2836 Οἰάνθεια
474 2774 526 2835 καί
554 2773 645 2855 ταάτη
672 2767 825 2857 ὁμοροῦσά
853 2767 913 2834 ἐστι
940 2769 1129 2844 Ναάπακτος.
1166 2770 1204 2837 oi.
1226 2772 1315 2837 Burs.

249 2878 350 2946 1.o.1
371 2898 401 2962 p.
420 2881 495 2946 152.
533 2878 678 2944 simililer
700 2877 778 2946 Xen.
802 2897 851 2945 an.
868 2879 929 2942 VII
953 2880 984 2957 5,
1004 2883 1044 2946 15
1072 2878 1316 2965 κατηυλίσθησαν

249 2981 320 3049 ae
343 2995 382 3069 τῷ
405 2981 495 3069 πεδίῳ
518 2980 602 3068 ὑπὲρ
619 2981 820 3071 Σηλυβρίας
834 2980 903 3049 δσον
918 2988 1074 3068 τριάκοντα
1093 2983 1229 3056 σταδίους
1243 2982 1316 3048 ἀπέ-

248 3112 353 3178 χοντες
375 3101 429 3179 της
450 3092 620 3178 θαλάσσης.

292 3200 337 3265 Vl
361 3201 413 3279 23,
438 3202 457 3265 6
481 3195 568 3263 αίιτδν
593 3236 633 3246 -
657 3202 740 3279 γένος
763 3202 815 3284 μὲν
837 3193 1038 3282 Ἀλεξανδρέα
1060 3194 1130 3263 εἶναι
1152 3208 1207 3285 τῆς
1230 3195 1316 3282 θπέρ

247 3304 373 3390 Φάρου
389 3315 452 3392 της
466 3311 585 3393 νήσου.
616 3305 803 3372 Alexandria
818 3325 877 3372 non
893 3305 994 3390 magis
1009 3301 1104 3373 ‘trans
1119 3302 1322 3392 Phamm'ffi).

248 3415 295 3478 est
324 3432 416 3496 quam
439 3411 607 3500 Marea⁶⁷)‚
638 3412 691 3480 sed
718 3413 821 3496 potius
849 3431 960 3497 supra
986 3411 1138 3490 Pharum3
1167 3431 1240 3478 nam
1268 3413 1315 3477 in·

247 3519 333 3586 sulae
355 3519 387 3584 in
411 3519 490 3584 mari
513 3519 589 3586 sitae
613 3520 778 3604 opponitur
799 3519 873 3586 urbs
895 3520 928 3585 in
951 3519 1119 3586 continenti
1136 3518 1211 3596 υἱέος
1235 3517 1315 3584 ratio

246 3624 414 3711 igiturest
437 3625 557 3704 eadem,
589 3643 666 3710 quae
695 3625 857 3692 intercedit
887 3625 967 3692 inter
990 3626 1108 3711 Syenen
1135 3625 1216 3690 mari
1243 3644 1315 3710 pro·

247 3731 364 3815 piorem
387 3735 419 3799 et
433 3732 632 3817 Aethiopiam
655 3752 674 3799 a
696 3733 774 3799 mari
789 3731 913 3818 longius
928 3731 1146 3820 distantemu)
1169 3732 1219 3798 vel
1234 3731 1316 3797 inter

247 3837 474 3906 Antirrhodnm
504 3839 638 3906 insulam
670 3841 702 3904 et
732 3840 889 3906 theatmm
921 3837 1126 3906 Alexandriae
1160 3839 1192 3904 in
1224 3838 1315 3904 litore

318 3998 351 4070 ω)
371 3997 412 4055 (lf.
431 3999 472 4056 ed.
491 3997 680 4054 Sohubartian.
698 3997 755 4054 ind.
773 4015 794 4054 s.
813 4015 838 4056 v.
857 3997 1028 4055 Alexandria.

317 4088 351 4158 ο7)
370 4089 402 4147 V.
414 4089 495 4146 Thuo.
514 4087 529 4142 I
549 4088 601 4143 104
623 4086 652 4140 ἐκ
670 4085 788 4158 Μαρείας
806 4093 855 4160 τῆς
874 4086 952 4160 ὑπὲρ
972 4085 1092 4160 Φάρου
1110 4084 1223 4149 πόλεως.

317 4178 352 4248 ⁶⁸)
373 4177 414 4234 cf.
433 4179 503 4234 locos
521 4195 603 4249 supra
621 4180 751 4234 tractatos
770 4177 785 4232 I
803 4177 877 4244 aad
895 4177 934 4234 VI
948 4177 1022 4243 26,2
1041 4175 1102 4244 Vl,
1116 4179 1141 4232 4.
