3134 4964
716 434 940 507 -40-

186 718 190 727 ¹
361 639 521 716 v121,3
550 637 710 721 διαβάντων
738 638 770 702 δὲ
798 642 846 703 τὸν
870 637 1008 702 Κλάδεον
1036 642 1130 726 τάφος
1157 661 1187 702 τε
1214 635 1363 724 Οἰνομάου

293 756 349 832 γης
370 756 462 833 χωμα
483 746 776 833 περιῳκοδομημένον
799 746 898 818 λίθοις
920 742 981 808 έοτί
1003 746 1055 809 καὶ
1081 742 1165 828 ὑπὲρ
1192 753 1252 809 τοῦ
1276 751 1364 833 μνη·

294 874 406 938 ματος
428 849 537 938 ἐρείπια
560 849 818 940 οἰκοδομημάτων,
847 851 923 917 ἔνθα
950 863 990 936 τῷ
1013 849 1151 937 Οἰνομάῳ
1180 855 1232 924 τὰς
1256 849 1365 926 ἵππους

294 958 467 1032 αὐλίζεσθαι
489 960 632 1041 λέγουσιν.
668 978 737 1026 cum
766 960 797 1025 iu
822 959 928 1026 Cladei
955 961 1061 1026 dextra
1089 959 1158 1043 rIpa
1184 959 1281 1027 colles
1303 963 1365 1026 siut

294 1068 363 1146 vici,
388 1068 440 1151 qui
456 1063 612 1133 ‘Dhruua’
635 1067 761 1148 dicitur,
786 1087 861 1152 quos
877 1067 941 1151 ipse
957 1068 1089 1151 scriptor
1105 1068 1149 1133 Vl
1173 1070 1227 1145 20,
1241 1071 1261 1134 6
1280 1087 1364 1134 com-

293 1174 508 1260 memoratu),
537 1194 607 1240 eum
636 1175 666 1240 iu
695 1174 864 1241 declivibus
892 1175 1047 1259 partibuS,
1076 1176 1175 1241 nescio
1202 1193 1262 1257 quo
1286 1175 1363 1253 loco,

293 1299 384 1363 super
413 1279 560 1346 Oenomai
589 1280 747 1346 tumulum
777 1280 881 1346 diruta
911 1280 1051 1347 aedificia
1079 1280 1193 1346 uidisse
1222 1284 1364 1365 apertum

295 1391 351 1454 est.
387 1389 426 1452 cf.
444 1386 530 1454 Cart.
552 1388 573 1452 l.
596 1407 622 1452 c.
646 1388 677 1452 II
701 1406 731 1470 p.
754 1391 806 1465 71,
831 1387 916 1454 Curt.
938 1391 969 1453 et
991 1389 1027 1456 ll.
1048 1389 1155 1454 Adler.
1179 1385 1312 1474 ‘Olymp
1333 1409 1363 1455 u.

295 1490 488 1579 Umgegeud’
510 1514 542 1577 p.
562 1497 613 1573 12,
637 1493 805 1559 Baedekeri
829 1490 1090 1560 ε(νἰιίοοίιυυίκυδ2
1113 1515 1143 1578 p.
1161 1497 1237 1562 359.

361 1604 389 1669 V
413 1604 502 1680 12,4
531 1598 560 1666 έν
584 1601 616 1665 δὲ
640 1598 788 1687 Ὀλυμπία
816 1607 1034 1688 παραπέτασμα
1059 1639 1096 1651 -
1123 1601 1269 1690 ἀνέθηκεν
1295 1601 1366 1667 Ἀν-

293 1713 402 1796 τίοχος,
420 1705 454 1772 οὗ
471 1709 508 1795 δὴ
524 1712 575 1772 καὶ
597 1706 689 1793 ὑπέρ
712 1717 775 1772 τοῦ
798 1711 968 1792 θεάτρου
991 1718 1055 1774 τοῦ
1074 1705 1238 1797 Ἀθήνησιν
1254 1706 1273 1796 ἡ
1289 1707 1365 1791 αἰγὶς

293 1814 313 1904 ἡ
340 1826 437 1904 χρυοη
466 1819 517 1878 καὶ
540 1812 585 1879 ἐπ’
608 1813 699 1904 αὖτης
716 1813 736 1903 ἡ
752 1813 776 1878 Γ
778 1819 855 1899 oppio
870 1813 890 1903 ἡ
906 1812 938 1888 ές
953 1819 990 1880 τά
1008 1815 1250 1904 ἀναθηματαθί).
1275 1817 1365 1883 huius

293 1924 412 1990 donarii
442 1922 536 1988 etiam
566 1923 582 1988 I
609 1926 705 2003 21,3
736 1923 852 1989 mentio
880 1924 917 1987 fit
947 1924 1014 1990 loco
1045 1943 1104 2007 quo
1132 1925 1268 2007 positum
1298 1925 1365 1989 erat

295 2030 523 2098 accuratissime
538 2029 673 2097 indicato
689 2031 738 2096 his
752 2030 870 2096 verbis:
894 2028 940 2095 ἐπὶ
957 2031 989 2094 δὲ
1004 2039 1054 2094 του
1070 2035 1163 2095 νοτίου
1180 2032 1363 2116 καλουμένου

297 2142 422 2224 τείχους,
451 2137 467 2200 δ
494 2147 549 2224 της
577 2135 769 2224 ἀκροπόλεως
795 2133 827 2209 ἐς
856 2140 889 2200 τὸ
916 2140 1044 2220 θέατρόν
1071 2135 1130 2201 έοτι
1159 2142 1362 2223 τετραμμένον,

294 2242 340 2308 ἐπί
362 2246 465 2308 τουτου
484 2242 646 2332 Μεδοίοης
660 2255 714 2331 τῆς
732 2242 879 2328 Γοργόνος
900 2241 1060 2331 ἐπίχρυσος
1075 2243 1223 2309 ἀνάκειται
1245 2245 1364 2333 κεραλὴ
1403 2266 1406 2267 ’

293 2353 433 2435 καὶπερὶ
456 2347 547 2438 αάτην
570 2348 646 2432 αίχίς
667 2355 829 2437 πεποίηται.

361 2459 440 2522 VIII
456 2459 547 2538 32,3
571 2462 724 2545 πεποίηται
747 2456 854 2521 δὲκαὶ
877 2457 994 2522 στάδιον
1022 2453 1087 2520 δπὲ
1095 2482 1112 2543 ρ
1137 2467 1204 2545 της
1226 2453 1366 2546 Ἀρρο-

295 2565 424 2652 δίτης,
448 2564 469 2628 i.
486 2584 511 2630 e.
533 2584 625 2648 supra
641 2565 769 2630 Veneris
791 2563 942 2648 templum
952 2565 1003 2651 ⁹⁸).
1028 2565 1063 2628 L.
1083 2565 1208 2632 Rossius
1232 2565 1364 2650 vestigia

296 2693 510 2701 *οι-..-

366 2741 400 2812 ο1)
420 2740 484 2806 Τοῖς
503 2740 531 2794 δέ
550 2749 600 2795 τῶν
615 2740 758 2814 Ἀρκάδων
772 2741 949 2795 ἀποθανοῦσιν
963 2740 989 2794 ἓν
1006 2748 1039 2814 τῇ
1059 2742 1134 2814 μάχη
1154 2741 1206 2795 ἐστὶ
1223 2743 1252 2795 τὸ
1273 2749 1364 2815 μνῆμα

295 2829 346 2884 ἐπὶ
364 2838 418 2884 τοῦ
436 2830 540 2904 λόφου
561 2830 746 2902 διαβάντων
764 2833 817 2885 τὸν
840 2829 988 2884 Κλάδεον
1010 2831 1047 2895 ὡς
1065 2830 1105 2884 eu
1121 2829 1200 2903 ἡλίου
1220 2830 1330 2902 δυσμάς.

366 2928 401 3000 ⁹²)
420 2931 460 2985 Dc
484 2931 626 3002 postremis
649 2930 691 2985 his
715 2930 815 2997 vorbis,
839 2947 907 3001 quac
930 2932 995 2986 sunt
1018 2929 1174 3000 depravata,
1199 2929 1366 2986 Schubartus

297 3019 325 3074 in
338 3021 470 3090 apparatu
482 3019 609 3075 editionis
622 3020 714 3076 caltico
729 3020 794 3076 haec
807 3019 931 3075 adnotat:
951 3018 981 3092 εἡ
1000 3018 1026 3083 ἐς
1044 3021 1077 3072 τὰ
1097 3018 1261 3092 ἀναθήματα
1273 3020 1302 3076 tn
1315 3019 1367 3074 SW

295 3111 431 3163 mutatum
457 3111 498 3164 est
524 3109 552 3164 ia
579 3108 643 3162 ἐστίν
670 3108 834 3182 ἀναθήματα
841 3131 848 3176 ;
876 3111 981 3165 secutus
1008 3111 1049 3164 ost
1076 3108 1171 3175 Dind.;
1201 3112 1230 3164 at
1257 3109 1367 3180 pluralis
1430 3104 1431 3107 ’

298 3194 462 3268 ἀναθὴματα
475 3198 570 3267 probat
579 3197 736 3268 profunditis
748 3199 843 3254 cubare
855 3196 997 3253 mendum’.
1011 3197 1079 3252 milri
1092 3197 1200 3268 quidem
1212 3198 1251 3252 sic
1262 3197 1368 3253 videtur

295 3285 437 3355 legendum
457 3303 526 3341 esse:
545 3284 693 3357 Ἀντίοχος,
712 3280 743 3339 οδ
763 3286 797 3359 δὴ
817 3287 861 3339 καί
880 3285 943 3359 ὑπὲρ
962 3293 1007 3340 τοῦ
1027 3286 1142 3359 θεάτρου
1156 3294 1203 3342 τοῖν
1216 3286 1367 3359 Ἀθήνησιν

298 3373 319 3446 ἡ
338 3371 405 3446 alric
417 3373 438 3448 ἡ
450 3381 539 3447 χρυσῆ
552 3376 596 3427 καὶ
609 3373 647 3428 ἐπ’
661 3373 744 3447 αὐτῆς
756 3375 777 3450 ἡ
790 3374 896 3448 Γορχών
909 3374 973 3429 ἔστιν
990 3374 1130 3450 ἀνάθημα,
1148 3377 1262 3432 mutatis
1274 3373 1367 3448 Γορχὼ

295 3462 316 3535 ἡ
343 3462 370 3526 ἐς
396 3463 428 3515 τά
455 3465 482 3519 In
502 3463 613 3536 Γορχάιν
638 3463 683 3536 (cf.
703 3464 835 3536 Γορχάνυς
854 3465 868 3519 Ι
889 3466 962 3532 21,3
981 3465 1011 3520 II
1031 3466 1109 3533 215;
1128 3466 1201 3532 21,7
1221 3467 1260 3522 lx
1279 3465 1366 3534 34,2;

296 3551 416 3625 Γοργόνα
434 3554 458 3608 V
473 3555 515 3620 10,
528 3555 556 3624 4)
581 3554 646 3609 ἐστιν
669 3559 696 3611 et
715 3555 881 3628 ὰνοθῆματα
905 3557 933 3610 in
959 3555 1114 3630 ἀνάθημα,
1137 3573 1202 3612 nam
1221 3556 1368 3626 singularis

296 3659 418 3699 numerus
437 3643 466 3696 in
485 3644 613 3714 pluralem
630 3661 765 3716 perperam
777 3648 898 3701 mutatus
911 3645 991 3702 etiam
1006 3646 1073 3702 alibi
1085 3646 1227 3716 reperItar:
1247 3664 1272 3701 ν.
1286 3646 1368 3701 Solm-

296 3732 367 3787 barti
379 3731 525 3803 Walaiique
538 3732 602 3788 edit.
618 3732 662 3788 III
675 3751 702 3804 p.
715 3733 776 3799 537,
795 3733 857 3790 adn.
870 3735 918 3804 333
938 3735 998 3800 544,
1016 3735 1063 3803 13,·
1081 3735 1142 3800 601,
1156 3735 1173 3789 3
1192 3732 1368 3806 (ἀναθήματα

296 3837 342 3892 pro
363 3819 518 3894 ἁνάθημα);
539 3821 585 3877 III
602 3839 628 3892 p.
647 3823 708 3888 541,
728 3821 790 3878 adn.
808 3823 856 3889 243
880 3823 941 3888 556,
959 3824 977 3878 4
994 3821 1153 3895 (ἀγάλματα
1175 3840 1221 3894 pro
1241 3821 1368 3895 άχαλμα).

296 3913 401 3981 poterat
425 3914 514 3966 autem
533 3914 624 3966 nostro
648 3912 705 3967 loco
728 3912 816 3967 verbis
838 3910 860 3984 ἡ
883 3909 950 3984 αἰγὶς
966 3911 987 3985 ἡ
1005 3919 1093 3984 χρυσῆ
1118 3912 1170 3964 καὶ
1192 3909 1232 3964 ἐπ’
1252 3909 1368 3984 cirpea

296 3998 405 4072 Γορχών
425 4000 564 4071 imperitus
583 4000 681 4072 aliquis
700 4000 788 4056 scriba
806 4000 884 4056 facile
902 4000 1001 4069 induci,
1030 4004 1061 4056 ut
1079 4001 1112 4056 de
1129 4001 1246 4057 donariis
1265 4000 1368 4056 duobus

296 4089 434 4157 cogItaret.

368 4186 401 4256 ί3)
421 4184 461 4241 CI.
482 4202 540 4241 oum
560 4186 610 4242 hac
627 4188 841 4260 breviloquentia
859 4188 929 4246 VIII
942 4189 985 4256 82,
999 4191 1016 4244 4
1036 4188 1121 4255 1131,
1135 4191 1150 4244 5
1170 4187 1217 4246 111
1232 4189 1273 4254 13,
1287 4190 1313 4243 8.
