3134 4964
671 482 895 543 -21-

247 673 390 754 unctoria,
415 692 505 758 quem
529 675 667 758 sequitur
689 675 857 761 periegeta,
882 674 999 742 iactum
1023 675 1079 755 est,
1103 677 1140 740 ut
1161 675 1229 758 ipsa
1249 673 1313 741 eius

246 782 411 867 periegesis
449 782 704 849 confunderetur:
744 801 833 866 quem
871 802 941 849 cum
976 801 1011 848 ex
1045 783 1163 848 ratione
1197 785 1315 848 ceterae

246 889 449 974 Peloponnesi
472 889 641 974 descriptae
658 909 674 956 e
690 889 841 956 Messenia
863 889 1058 974 Triphyliam
1082 888 1202 973 ingredi
1225 907 1315 972 opor·

247 998 337 1076 teret,
362 997 455 1063 fontis
477 996 534 1075 sni,
567 999 604 1064 ut
626 997 773 1081 suspicor,
797 996 891 1063 verba
914 994 944 1060 ἐν
968 994 1106 1081 ἀριστερορ
1129 997 1160 1060 in
1183 993 1212 1060 ἐν
1236 995 1316 1079 tetra

247 1103 463 1184 commutavit,
487 1103 539 1168 sed
563 1103 656 1170 verba
679 1102 738 1169 ἀπὸ
754 1114 808 1191 τῆς
830 1101 952 1175 Ἠλείας
971 1106 1147 1171 convertere
1162 1104 1315 1187 neglexit;

247 1210 324 1278 item
347 1211 379 1275 in
402 1209 509 1277 eadem
533 1210 727 1296 paragrapho
758 1214 820 1276 tres
843 1230 862 1276 a
885 1210 1141 1295 septentrionibus
1165 1210 1316 1293 Lepreum

248 1319 380 1384 ferentes
404 1317 470 1385 vias
493 1317 649 1397 describit,
674 1317 760 1401 qnasi
783 1337 801 1382 a
824 1317 1080 1400 septentrionibus
1096 1315 1255 1402 veriats).
1274 1354 1313 1363 —

250 1424 397 1492 Boeotiae
409 1424 484 1490 litus
495 1424 696 1491 meridionale
707 1424 874 1492 Pausanias
885 1423 948 1508 (IX
960 1427 1012 1504 32,
1028 1427 1039 1490 l
1058 1423 1137 1511 sqq.)
1150 1424 1189 1489 ab
1202 1424 1317 1489 criente

250 1531 290 1597 ad
313 1531 500 1599 occidentem
530 1550 678 1616 exponere
709 1532 849 1610 videtum
880 1551 951 1598 nam
984 1532 1075 1598 dicit:
1108 1532 1200 1604 πλοῦς
1224 1531 1256 1594 δὲ
1279 1528 1317 1603 ἐς

248 1637 414 1722 Κρεῦσίν
432 1635 508 1723 ἐστιν
524 1635 565 1701 ἐκ
580 1638 882 1727 Πελοποννήσου
899 1641 1019 1710 σκολιός
1033 1662 1063 1703 τε
1078 1641 1130 1702 καί
1146 1637 1247 1708 ἄλλοις
1262 1634 1316 1701 cia

248 1742 353 1819 είίδιος.
386 1784 426 1793 -
459 1746 573 1810 πλέονα
602 1746 634 1809 δὲ
671 1743 706 1810 ἐπ
734 1745 898 1831 Κρεύσιδος
927 1743 961 1810 od
991 1742 1137 1830 πελαγίῳ,
1174 1749 1256 1829 παρὰ
1285 1745 1317 1809 δὲ

249 1849 339 1940 αὐτὴν
361 1851 512 1930 Βοιωτίαν,
536 1856 619 1927 πόλις
642 1851 717 1918 ἐστίν
741 1852 776 1918 ἐν
800 1853 906 1937 δεξιᾷ
929 1854 1034 1940 Θίσβη.
1056 1891 1099 1900 -
1120 1853 1317 1936 παραπλέοντι

249 1960 282 2024 δὲ
312 1957 438 2026 αὐτόθεν
466 1962 598 2046 πόλισμά
627 1959 701 2026 ἐστιν
734 1958 767 2025 οὐ
800 1965 876 2047 μέγα
908 1958 955 2024 ἐπὶ
986 1962 1131 2045 θαλάσσῃ
1161 1959 1249 2049 Τίφα.
1282 1961 1317 2026 at

249 2086 434 2152 quamquam
458 2067 552 2135 fontis
574 2068 667 2134 verba
688 2065 724 2131 ὲιι
740 2066 906 2151 Κρείσιδος
929 2065 961 2139 ἐς
984 2065 1209 2154 Πελοπόννησον
1232 2071 1264 2133 et
1286 2064 1316 2132 ἐν

249 2173 387 2260 ἀριστεροζι
410 2177 491 2241 recte
515 2177 706 2241 commutata
729 2177 810 2255 sunt,
839 2177 943 2241 tamen
967 2174 1041 2241 ordo
1068 2174 1193 2240 urbium
1220 2174 1317 2240 falsus

249 2280 362 2368 est⁴¹):
387 2282 500 2348 Thisbe
523 2281 604 2347 enim
621 2283 653 2347 et
669 2281 770 2366 Tipha
785 2283 816 2346 in
833 2301 886 2347 ora
902 2283 1090 2348 Boeotorum
1107 2281 1145 2346 ab
1162 2281 1316 2348 occidente

250 2389 288 2454 ad
313 2388 463 2455 orientem
487 2389 590 2473 potius
613 2389 690 2454 sitae
718 2391 790 2454 sunt
817 2389 992 2474 optimeque
1019 2388 1201 2455 continuant
1223 2387 1316 2454 Anti·

250 2514 339 2581 cyras
354 2498 386 2560 et
401 2495 533 2574 Belidis,
550 2494 675 2561 urbium
691 2495 932 2562 maritumarum
946 2494 1162 2574 Phocensium,
1179 2493 1316 2559 ordinem

250 2601 460 2668 adorientem
484 2601 726 2690 conversum⁴²);
751 2622 824 2668 nam
840 2603 865 2669 si
881 2603 994 2669 Thisbe
1016 2620 1076 2668 non
1100 2602 1138 2667 ab
1162 2601 1316 2668 occidente

248 2709 373 2794 propior
395 2710 505 2776 luisset
528 2729 621 2793 qnam
645 2710 755 2793 Tipha,
779 2729 840 2776 non
864 2711 938 2793 quot
957 2708 1068 2775 stadiis
1083 2728 1102 2774 a
1117 2708 1241 2787 Thisbe,
1265 2708 1317 2774 sed

248 2835 267 2883 a
289 2817 389 2900 Tipha
412 2815 500 2883 Bulis
523 2817 664 2896 distaret,
688 2817 813 2884 dixisset
835 2817 969 2901 scriptor
992 2815 1036 2902 (X
1052 2819 1106 2897 37,
1124 2818 1170 2902 2).

318 2923 362 2988 Hi
392 2923 493 3009 igitur
524 2924 584 2991 loci
612 2923 797 2990 Pausaniam
832 2923 1055 3002 demonstrant,
1086 2925 1122 2990 ut
1151 2923 1318 2988 litorum

250 3030 439 3098 Graecorum
472 3031 642 3116 periegesin
676 3031 761 3116 (nam
794 3032 872 3098 hanc
903 3032 1001 3099 solam
1032 3031 1113 3118 dico)
1146 3032 1317 3109 conficeret,

249 3141 373 3205 anctore
403 3158 494 3204 nsum
524 3157 588 3205 esse
619 3157 669 3219 eo,
702 3139 755 3222 qni
784 3156 869 3205 oram
894 3137 1043 3204 Graeciae
1069 3140 1270 3205 maritumam
1300 3155 1318 3202 a

247 3247 336 3313 laeva
352 3264 447 3312 manu
461 3245 493 3311 in
508 3247 685 3314 uniuersum
702 3245 741 3311 ad
757 3245 898 3312 dextram
920 3247 1094 3329 exponeret,
1118 3247 1317 3312 confirmant·
1357 3301 1359 3305 .

251 3352 371 3437 quaid,
395 3352 476 3435 quod
498 3371 589 3435 supra
604 3351 650 3438 (p.
669 3355 708 3419 17
726 3351 787 3439 eq.)
811 3372 846 3419 ex
868 3353 1036 3437 particulae
1059 3349 1131 3438 irrep
1154 3373 1225 3419 cum
1248 3372 1317 3438 gen.

250 3460 432 3526 coniunctae
454 3478 512 3526 usu
535 3459 572 3526 de
596 3459 679 3527 lente
702 3459 924 3541 conclusimus,
955 3460 1035 3526 unde
1058 3479 1109 3540 ea,
1141 3479 1218 3543 quae
1240 3460 1319 3546 (loco

251 3567 339 3646 135,
357 3569 373 3633 l
393 3566 531 3653 excepto)
562 3566 599 3632 de
631 3568 769 3635 locorum
798 3567 1037 3634 maritumorum
1067 3570 1098 3634 et
1122 3566 1266 3634 Graeciae
1288 3568 1320 3635 et

253 3673 386 3740 aliarum
401 3674 556 3740 terrarum
572 3673 635 3741 situ
650 3673 683 3741 in
698 3674 877 3741 transcursu
893 3674 980 3755 dixit,
996 3674 1118 3741 fluxisse
1133 3674 1317 3741 viderentur.

321 3867 357 3937 ⁴⁰)
376 3866 418 3926 Ol.
432 3867 538 3924 Kallim.
551 3867 571 3926 l.
584 3884 606 3923 c.
618 3884 644 3938 p.
659 3868 719 3923 180.

322 3954 418 4027 41),(λί.
433 3957 538 4013 Kalhm.
552 3956 571 4013 l.
584 3973 606 4012 c.
619 3974 644 4027 p.
659 3957 720 4023 182,
735 3958 759 4012 1.

322 4044 356 4114 ⁴²)
376 4044 417 4101 Ol.
430 4045 458 4100 X
475 4045 549 4111 36,5
568 4063 625 4117 sqq.
644 4050 672 4101 et
692 4044 737 4112 3⁵1,
752 4047 766 4100 1
784 4062 842 4116 sqq.
865 4048 893 4101 et
915 4045 944 4100 in
967 4045 1061 4116 primis
1079 4044 1124 4113 37,
1142 4045 1158 4099 3
1185 4051 1268 4097 νεῖται
1288 4041 1317 4096 δὲ

251 4134 290 4188 ἐπί
309 4132 415 4207 ὑψηλοῦ
433 4153 460 4188 τε
477 4133 498 4207 ἡ
518 4132 616 4198 Βοῦλις
633 4134 679 4187 aad
703 4133 728 4188 ἒν
747 4132 877 4207 παράπλῳ
898 4135 1146 4206 περαιουμένοις
1165 4132 1195 4196 et
1213 4131 1315 4185 Ἀντι-

249 4223 351 4297 sepa<
369 4222 400 4287 ἒς
419 4222 559 4296 Λέχαιον
577 4224 612 4278 πὸ
631 4221 831 4298 Κορινθίων.
