3134 4964
675 475 896 535 ..67-

249 670 415 750 utrumque
432 667 582 749 templum
596 666 692 730 situm
708 667 784 746 erat,
800 664 967 748 paullatim
983 665 1021 729 ah
1034 664 1148 731 infimis
1159 664 1316 731 montibus

250 775 289 838 ad
312 792 397 839 mare
421 772 598 838 demittitur
608 771 674 856 146);
704 772 808 854 itaque
831 771 970 854 Neptuni
1001 771 1107 838 aedem
1135 772 1239 854 paullo
1269 772 1317 836 in·

250 881 393 946 feriorem
416 879 510 945 fuisse
534 878 652 945 Cereris
680 897 766 945 sacro
795 879 885 944 facile
913 878 1134 963 intellegimus.
1163 879 1201 945 cf.
1227 878 1314 946 Gurt.

250 988 270 1053 l.
295 989 318 1052 l.
343 987 374 1051 II
396 1006 427 1069 p.
447 988 522 1054 438.

316 1094 348 1158 ΙΙ
372 1095 461 1172 20,8
492 1088 576 1175 ὑπὲρ
608 1092 640 1155 δὲ
671 1095 708 1156 τὸ
731 1089 886 1176 θέατρον
914 1089 1095 1181 Ἀφροδίτης
1124 1089 1199 1157 ἐστὶν
1229 1089 1315 1178 ἱερόν.

250 1201 381 1283 scriptor
410 1200 442 1264 in
471 1200 682 1282 percensendis
714 1198 858 1265 aedificiis
890 1203 921 1266 et
951 1200 1173 1280 monumentis,
1204 1202 1315 1283 quibus

250 1309 407 1392 Argorum
429 1307 530 1373 forum
554 1305 777 1373 circumdatum
802 1308 879 1386 erat,
904 1326 999 1389 usque
1022 1307 1061 1372 ad
1083 1309 1241 1374 theatrum
1257 1309 1316 1373 ha·

249 1415 328 1480 ricae
351 1415 414 1480 arci
437 1415 610 1480 subiectum
633 1433 826 1499 progressus,
855 1417 1018 1498 postquam
1041 1416 1170 1481 acclives
1193 1415 1315 1482 Larisae

249 1525 353 1606 partes
382 1521 534 1600 ascendit,
567 1541 658 1605 supra
687 1522 846 1588 theatrum
874 1522 906 1586 in
934 1521 991 1586 illa
1014 1521 1095 1586 haud
1118 1520 1211 1587 dubie
1234 1541 1314 1601 area,

249 1648 342 1711 quam
358 1649 438 1695 nunc
450 1628 555 1695 Sancti
567 1628 692 1714 Georgii
709 1629 856 1695 sacellum
873 1629 1010 1711 occupat,
1023 1627 1151 1694 Veneris
1164 1630 1315 1713 templum

250 1736 413 1818 conspicit;
444 1738 549 1818 postea
579 1735 661 1801 enim
689 1737 756 1821 (21,
777 1738 807 1820 1)
835 1734 997 1818 descriptio
1028 1734 1087 1802 fori
1117 1735 1315 1801 continuatur

249 1844 297 1908 his
320 1842 437 1908 verbis:
462 1842 682 1906 κατελθοῦσι
706 1842 737 1905 δὲ
760 1838 892 1906 ἐντεῦθεν
916 1845 967 1905 καὶ
989 1850 1133 1925 τραπεῖσιν
1157 1837 1246 1913 αὖθις
1269 1837 1314 1906 ἐπὶ

249 1954 301 2037 τὴν
332 1948 450 2032 ἀγοράν.
485 1949 524 2014 cl.
555 1947 642 2015 Curt.
673 1949 696 2016 l.
725 1949 746 2013 l.
776 1950 807 2014 11
837 1970 866 2032 p.
892 1951 955 2016 357
974 1967 1035 2032 sq.,
1068 1949 1159 2014 Burs.
1190 1949 1314 2015 1.l.11

251 2078 281 2140 p.
300 2059 352 2123 52.
378 2055 530 2134 similiter,
548 2055 600 2121 sed
616 2051 687 2139 ὑπὲρ
703 2055 926 2138 praepositione
943 2074 1013 2120 cum
1029 2058 1131 2139 genet.
1144 2057 1314 2136 coniuncta,

251 2165 278 2229 V
303 2166 391 2242 12,4
416 2161 546 2227 dieitur:
578 2159 742 2248 Ἀντίοχος,
773 2159 807 2225 οὔ
835 2159 872 2248 δὴ
896 2165 947 2224 καὶ
970 2157 1054 2246 ὑπὲρ
1077 2171 1136 2225 του
1159 2165 1314 2247 θεάτρου

249 2279 309 2333 του
340 2266 507 2357 Ἀθήνῃσιν
536 2292 556 2356 p
587 2266 662 2349 αἰγὶς
691 2266 710 2356 ἡ
740 2279 838 2356 χρυσῇ
867 2272 918 2332 οιαὶ
947 2265 993 2331 ἐπ’
1023 2265 1115 2357 αὐτῆς
1144 2267 1163 2357 ἡ
1195 2267 1314 2355 Γοργὼν

247 2374 321 2441 ἐστιν
345 2374 491 2463 ἀνάθημα
514 2376 558 2462 (ν.
582 2394 674 2458 supra
697 2394 725 2456 p.
743 2375 810 2460 40).
1395 2363 1398 2368 ⁴

316 2484 347 2548 ΙΙ
373 2487 403 2566 4,
421 2486 440 2549 5
465 2479 551 2567 ὑπὲρ
569 2482 601 2545 δὲ
617 2484 654 2545 τὸ
670 2484 824 2566 θέατρόν
847 2479 921 2547 ἐστιν
937 2479 1011 2566 ἱερὸν
1027 2480 1097 2556 Διὀς
1112 2481 1313 2548 Καπετωλίου.

249 2590 478 2657 Corinthiorum
508 2591 667 2655 theatrum
698 2592 826 2673 apparet
855 2591 886 2655 in
917 2590 1130 2655 Acrocorinthi
1162 2589 1314 2657 radicibus

249 2697 436 2780 insculptum
459 2697 565 2778 fuisse,
590 2715 660 2762 cum
685 2696 830 2780 pleraque
854 2696 992 2764 aedificia
1008 2717 1026 2762 a
1041 2696 1129 2763 laeva
1144 2700 1231 2780 parte
1247 2697 1314 2763 viae

249 2823 265 2869 e
296 2804 361 2870 loro
394 2804 478 2870 urbis
502 2802 662 2887 Sicyonem
694 2803 821 2868 ferentis
849 2804 911 2871 sita
940 2805 1033 2870 luisse
1057 2823 1176 2871 necesse
1199 2803 1313 2890 situl).

248 2930 360 2993 supra
383 2910 415 2974 icl
438 2910 535 2994 igitur
558 2910 640 2975 Iovis
664 2909 830 2992 Capitolini
853 2912 1005 2994 templum
1029 2910 1217 2978 cernebatur.
1242 2929 1314 2975 nam

250 3017 276 3083 si
299 3016 473 3101 periegetae
489 3017 649 3102 Sicyonem
665 3036 770 3084 versus
786 3019 936 3101 migranti
953 3019 1103 3101 templum
1119 3017 1203 3083 ultra
1226 3016 1314 3083 thea-

249 3128 334 3189 trum
358 3143 450 3208 prope
472 3125 571 3207 ipsam
596 3125 676 3190 viam
701 3144 732 3190 se
757 3125 929 3203 obtulisset,
954 3126 1031 3190 situs
1055 3124 1184 3190 aedilicii
1208 3124 1314 3189 ordine

248 3232 379 3315 proximi
410 3249 469 3298 non
499 3252 535 3298 ex
564 3233 702 3304 theatro,
734 3232 787 3298 secl
815 3251 851 3297 ex
874 3233 956 3297 Iovis
986 3231 1102 3314 templo
1126 3231 1314 3297 definiendus

248 3341 326 3404 erat.
357 3342 390 3404 at
418 3340 585 3406 Pausanias
616 3343 855 3405 commemorato
885 3340 943 3403 hoo
974 3339 1091 3422 templo
1123 3339 1164 3404 sic
1193 3339 1312 3421 pergit:

249 3453 298 3507 του
323 3447 479 3528 θεάτρου
512 3446 543 3508 δέ
567 3443 626 3509 ἐστι
648 3446 731 3509 τοῦδε
762 3442 795 3508 ου
819 3449 918 3527 πόρου
941 3449 1097 3530 γυμνάσιον
1125 3446 1156 3506 τὸ
1180 3442 1313 3529 ἀρχαῖον.

249 3552 289 3615 cf.
311 3551 398 3618 (hut.
422 3552 444 3618 l.
462 3571 488 3617 o.
512 3552 543 3615 Il
567 3571 596 3633 p.
615 3553 674 3617 531
695 3571 750 3634 sq.,
775 3552 864 3617 Burs.
888 3551 910 3619 l.
928 3571 954 3617 c.
971 3552 1003 3617 ΙΙ
1027 3571 1056 3633 p.
1075 3553 1126 3629 16,
1150 3550 1202 3633 qui
1225 3550 1314 3614 thea-

248 3661 333 3723 trum
357 3659 389 3724 in
413 3659 520 3724 (lextra
535 3659 602 3724 uiae
625 3661 712 3741 parte
735 3659 907 3724 collocavit.

315 3766 346 3830 ll
371 3769 436 3848 3,1
461 3763 546 3849 ὑπὲρ
571 3765 686 3851 δὲτὴν
710 3763 839 3849 ἀγοράν
863 3763 939 3829 ἐστιν
955 3763 1112 3849 Ὀκταβίας
1126 3770 1204 3837 ναός.
1229 3784 1314 3848 spec-

249 3874 326 3940 tatis
350 3872 496 3940 aedificiis
512 3874 592 3939 cirea
609 3872 749 3939 Corinthi
772 3875 873 3938 lorum
896 3874 1004 3956 positis
1023 3872 1189 3938 Pausanias
1211 3871 1311 3938 medio

323 4122 364 4191 ¹⁴⁶)
387 4122 427 4177 Cf.
441 4123 457 4191 ἐ
471 4125 501 4178 9;
521 4119 707 4190 καταβαίνουσι
725 4119 752 4173 as
772 4121 811 4174 ἐπὶ
829 4124 871 4174 τὸν
890 4120 988 4192 λιμένα.

321 4211 365 4281 ¹⁴⁷)
386 4211 426 4267 cf.
447 4211 521 4267 Curt.
540 4212 557 4266 l.
578 4228 599 4265 c.
619 4210 649 4264 II
668 4228 693 4282 p.
708 4210 767 4265 532.
