3134 4964
673 602 893 664 „22-

248 796 341 876 atque
355 812 435 858 nunc
450 791 543 858 etiam
559 792 758 876 perspicimus
773 792 958 860 Pausaniam
973 793 1028 858 ΙΙΙ
1045 796 1098 874 22,
1117 796 1132 859 l
1151 813 1217 877 sqq.
1233 794 1314 860 veri-

248 903 327 981 tum,
351 919 388 966 ne
411 902 511 967 totam
534 901 703 966 Laconicae
718 899 886 985 periegesin
904 900 1112 982 confunderet,
1135 920 1203 967 eam
1219 919 1279 966 non
1296 920 1315 968 a

249 1006 383 1092 Cynuria
413 1006 575 1090 incepisse,
608 1006 661 1072 sed
693 1027 728 1072 ex
762 1006 880 1092 Gythio
911 1008 1014 1073 omnia
1045 1008 1113 1074 loca
1146 1007 1314 1074 marituma

249 1114 405 1181 orientalis
417 1113 584 1181 Laconicae
601 1113 698 1197 partis
717 1113 799 1181 circa
811 1113 946 1181 Maleam
959 1115 1207 1197 promunturium
1218 1134 1314 1198 usque

249 1222 288 1288 ad
310 1220 435 1288 Brasias
458 1220 664 1304 descripsisse,
692 1223 728 1286 ut
751 1221 809 1287 hac
832 1221 952 1287 ratione
974 1240 1122 1308 magnam
1151 1222 1244 1290 fontis
1267 1221 1315 1289 sui

248 1331 369 1414 partem
393 1329 458 1394 sino
480 1327 546 1394 ulla
569 1327 752 1394 difficultate
774 1328 805 1393 in
822 1347 897 1411 opus
914 1347 1003 1394 suum
1018 1330 1185 1396 transferre
1200 1332 1314 1413 posset.

315 1435 391 1516 Quis
414 1438 519 1502 autem
542 1438 610 1502 erat
632 1435 686 1501 ille
709 1436 800 1502 fons?
822 1435 1055 1502 Artemidorum
1078 1436 1172 1504 fuisse
1187 1437 1313 1516 conicio,

249 1562 339 1628 quem
362 1563 380 1609 a
402 1542 557 1610 Pausania
579 1545 761 1626 usurpatum
785 1562 848 1610 esse
871 1543 964 1610 aliam
994 1543 1202 1629 investigandi
1232 1543 1314 1610 viam

248 1653 404 1736 ingressus
426 1650 491 1717 iam
514 1649 592 1718 vidit
614 1649 652 1716 A.
678 1650 917 1737 1100100οι1043).
940 1669 1013 1717 nam
1029 1650 1261 1717 Artemidorum
1284 1653 1315 1717 et

249 1760 390 1840 Europae
405 1761 438 1823 et
452 1755 581 1841 Libyae,
605 1757 754 1843 Aegypti,
778 1758 871 1823 Asiae
895 1756 1129 1840 descriptionem
1146 1758 1184 1824 ab
1200 1757 1315 1825 Hercu-

248 1865 305 1932 leis
321 1864 471 1931 columnis
487 1883 627 1931 exorsum
644 1865 682 1930 ab
699 1867 827 1947 utraque
849 1866 938 1946 parte
962 1863 1000 1928 ad
1017 1865 1157 1944 Tanaim,
1174 1865 1314 1948 Europae

248 1973 399 2055 Asiaeque
414 1971 517 2047 finem,
533 1971 688 2055 peregisse
700 1971 763 2037 veri
775 1970 969 2036 simillimum
982 1972 1029 2037 est
1038 1970 1090 2057 ⁴⁴).
1117 1971 1177 2037 huc
1188 1971 1315 2054 accedit,

250 2079 331 2162 quod
353 2079 464 2145 Strabo
488 2081 521 2144 et
535 2078 665 2157 Plinius,
689 2096 764 2161 quos
788 2078 826 2143 ab
841 2077 1038 2143 Artemidoro
1061 2078 1191 2161 pendere
1206 2080 1315 2144 notum

249 2190 306 2266 est,
330 2186 444 2252 mirum
466 2186 499 2251 in
522 2185 649 2251 modum
672 2185 704 2250 in
728 2186 833 2251 ordine
856 2185 924 2251 loca
953 2186 1122 2252 marituma
1145 2187 1176 2253 et
1198 2187 1316 2252 insulas

248 2293 452 2378 percursandi,
477 2295 620 2376 utsupra
636 2291 834 2376 ostendimus
851 2312 921 2360 cum
937 2293 1090 2359 Pausania
1106 2293 1314 2372 consentiunt3

248 2402 280 2466 in
292 2401 401 2484 primis
412 2402 517 2467 autem
529 2400 606 2465 mihi
618 2402 801 2484 argumento
814 2399 1315 2480 00010100811·01000101001Χ5,3,

249 2509 303 2574 ubi
319 2507 508 2575 Artemidori
531 2507 626 2590 ipsius
643 2506 735 2573 rerba
755 2507 842 2574 nobis
862 2508 933 2572 sunt
950 2506 1126 2594 1000111041),
1143 2510 1174 2574 et
1189 2507 1266 2573 XIV
1286 2511 1315 2588 l,
1424 2550 1428 2556 -

251 2619 270 2682 5
294 2634 371 2698 sqq,
394 2614 449 2678 ribi
464 2612 575 2680 Strabo
598 2615 736 2680 locorum
759 2614 896 2680 ordinem
913 2613 1110 2680 Artemidoro
1135 2614 1199 2681 sine
1222 2614 1315 2680 dubio

250 2720 397 2807 debet40).
443 2722 596 2804 postremo
620 2720 701 2804 quod
729 2720 810 2804 apud
833 2720 1018 2787 Pausaniam
1046 2721 1070 2786 V
1094 2725 1124 2800 5,
1149 2724 1169 2788 9
1192 2722 1223 2786 10
1247 2721 1316 2787 Tri·

251 2829 377 2913 phyliae
399 2828 550 2912 periegosi
573 2828 705 2894 maxime
729 2826 902 2915 confusa⁴⁷)
925 2826 999 2915 ἀνὴρ
1022 2827 1076 2893 1110
1095 2824 1240 2916 Ἐφέσιος,
1264 2827 1316 2910 001

251 2939 287 3001 ut
309 2935 429 3018 antiqui
456 2935 588 3001 nominis
610 2934 772 3002 Acidantis
803 2935 835 3000 in
858 2935 1013 3020 Anigrum
1043 2934 1198 3000 influentis
1226 2934 1317 3001 testis

250 3044 413 3124 laudatur,
438 3041 653 3108 Artemidorus
677 3041 826 3125 Ephesius
857 3042 922 3125 ipse
949 3041 1088 3109 detracta
1120 3060 1249 3126 persona
1277 3041 1315 3106 ab

250 3153 409 3217 Enmanno
425 3150 447 3214 1.
464 3151 486 3215 1.
503 3151 629 3234 agnitus
644 3151 701 3230 est,
724 3169 822 3216 00000
834 3150 891 3216 hoc
905 3152 1065 3232 tamquam
1081 3149 1179 3235 digito
1195 3149 1315 3216 Pausa·

250 3258 334 3324 niam
350 3259 503 3325 monstrat
517 3258 600 3323 clarc
617 3258 690 3322 huic
704 3258 881 3343 geographo
899 3277 960 3323 non
976 3258 1078 3324 solum
1092 3259 1192 3323 totam
1204 3255 1317 3341 Anigri

250 3365 386 3432 fluminis
402 3364 647 3447 descriptionem,
665 3384 758 3449 quam
774 3365 837 3430 iam
848 3365 1025 3432 Enmannus
1038 3364 1189 3432 Strabone
1204 3363 1316 3431 collato

252 3459 452 3540 Artemidoro
484 3471 663 3553 vindicavit,
695 3472 748 3538 sed
779 3473 874 3538 etiam
903 3472 1004 3537 totam
1036 3471 1215 3556 Triphylian
1246 3489 1316 3538 orae

250 3579 422 3665 periegesin
446 3579 570 3658 debere,
595 3578 653 3645 nisi
683 3578 763 3662 qnod
795 3578 947 3658 confusio,
981 3578 1114 3661 quaein
1144 3597 1179 3644 ea
1207 3579 1316 3659 exstat,

321 3812 358 3883 48)
377 3810 540 3883 ‘deograpn
558 3810 726 3867 Homerstud.
742 3811 778 3866 im
792 3808 881 3866 Paua?
901 3809 1029 3866 Plcclrcis.
1047 3809 1140 3867 Jahrb.
1154 3808 1205 3864 129
1224 3808 1316 3876 (1884)

251 3922 277 3973 p.
297 3903 349 3956 510
362 3919 436 3972 sqq.;
457 3902 489 3960 cf.
509 3901 615 3956 Kalkm.
634 3901 652 3958 1.
672 3918 693 3956 c.
712 3919 738 3971 p.
758 3900 809 3955 159
822 3917 879 3970 sqq.

322 3989 358 4062 ⁴⁴)
378 3989 419 4046 Cf.
429 3991 461 4046 R.
473 3990 583 4046 Stiehlii
596 3988 661 4045 <Der
671 3989 765 4060 Geogr.
777 3988 907 4045 Artemid.
917 4007 942 4044 v.
952 3987 1058 4059 Riphea?
1067 3988 1166 4044 Philol.
1175 3988 1215 4042 XI
1225 3987 1317 4059 (1856)

251 4099 275 4151 p.
290 4081 340 4135 193
353 4097 411 4152 sqq.

322 4167 357 4239 ⁴⁶)
376 4168 417 4224 Cf.
431 4186 510 4242 supra
521 4187 548 4240 p.
563 4169 593 4224 ll
607 4186 647 4239 00.
661 4166 791 4222 adnotata
804 4166 838 4222 ad
851 4167 931 4225 Pana.
945 4166 984 4222 IX
997 4166 1039 4233 22,
1052 4167 1078 4222 6.

322 4258 357 4329 ⁴⁶)
377 4258 417 4315 Oi.
431 4276 511 4329 supra
522 4277 548 4330 p.
564 4258 595 4313 15
609 4257 737 4314 adnotata
750 4256 785 4311 ad
797 4257 875 4312 Paua
888 4257 928 4311 IX
943 4256 983 4324 ll,
997 4256 1022 4311 ὅ.

322 4347 356 4419 ⁴⁷)
375 4349 408 4405 V.
421 4347 490 4419 quod
504 4366 529 4419 p.
539 4348 574 4404 20
587 4365 627 4420 00.
637 4346 670 4404 de
682 4347 761 4402 Paua.
774 4345 798 4400 V
811 4349 837 4413 5,
848 4348 865 4401 3
878 4345 942 4402 dixi.
