<?xml version="1.0" encoding="UTF-8"?>
<!DOCTYPE html PUBLIC "-//W3C//DTD XHTML 1.0 Transitional//EN"
    "http://www.w3.org/TR/xhtml1/DTD/xhtml1-transitional.dtd">
<html xmlns="http://www.w3.org/1999/xhtml" xml:lang="en" lang="en">
 <head>
  <title>
</title>
<meta http-equiv="Content-Type" content="text/html;charset=utf-8" />
  <meta name='ocr-system' content='tesseract 3.04.00' />
  <meta name='ocr-capabilities' content='ocr_page ocr_carea ocr_par ocr_line ocrx_word'/>
</head>
<body>
  <div class='ocr_page' id='page_1' title='image "./depraepositioni00reitgoog_0012.png"; bbox 0 0 3134 4964; ppageno 0'>
   <div class='ocr_carea' id='block_1_1' title="bbox 688 445 886 506">
    <p class='ocr_par' dir='ltr' id='par_1_1' title="bbox 688 445 886 506">
     <span class='ocr_line' id='line_1_1' title="bbox 688 445 886 506; baseline 0.01 -16"><span class='ocrx_word' id='word_1_1' title='bbox 688 445 886 506; x_wconf 72' lang='lat'>„5-</span> 
     </span>
    </p>
   </div>
   <div class='ocr_carea' id='block_1_2' title="bbox 165 633 1318 2006">
    <p class='ocr_par' dir='ltr' id='par_1_2' title="bbox 165 633 1318 2006">
     <span class='ocr_line' id='line_1_2' title="bbox 254 633 1318 722; baseline 0.003 -21"><span class='ocrx_word' id='word_1_2' title='bbox 254 637 391 702; x_wconf 91' lang='lat' dir='ltr'>omnium</span> <span class='ocrx_word' id='word_1_3' title='bbox 415 636 512 702; x_wconf 88' lang='lat' dir='ltr'>oculis</span> <span class='ocrx_word' id='word_1_4' title='bbox 534 637 663 703; x_wconf 89' lang='lat' dir='ltr'>subiecti</span> <span class='ocrx_word' id='word_1_5' title='bbox 687 640 786 716; x_wconf 91' lang='lat' dir='ltr'>erunt,</span> <span class='ocrx_word' id='word_1_6' title='bbox 816 638 1031 721; x_wconf 80' lang='lat' dir='ltr'>interpretatio</span> <span class='ocrx_word' id='word_1_7' title='bbox 1054 633 1127 722; x_wconf 74' lang='grc' dir='ltr'>ὑπὲρ</span> <span class='ocrx_word' id='word_1_8' title='bbox 1150 638 1318 720; x_wconf 84' lang='lat' dir='ltr'>particulae</span> 
     </span>
     <span class='ocr_line' id='line_1_3' title="bbox 253 742 1318 829; baseline 0.002 -22"><span class='ocrx_word' id='word_1_9' title='bbox 253 744 284 807; x_wconf 94' lang='lat' dir='ltr'>in</span> <span class='ocrx_word' id='word_1_10' title='bbox 308 743 400 809; x_wconf 94' lang='lat' dir='ltr'>dubio</span> <span class='ocrx_word' id='word_1_11' title='bbox 424 742 609 820; x_wconf 87' lang='lat' dir='ltr'>versabitur;</span> <span class='ocrx_word' id='word_1_12' title='bbox 634 762 737 827; x_wconf 87' lang='lat' dir='ltr'>quare,</span> <span class='ocrx_word' id='word_1_13' title='bbox 761 764 838 828; x_wconf 88' lang='lat' dir='ltr'>quae</span> <span class='ocrx_word' id='word_1_14' title='bbox 861 742 898 809; x_wconf 93' lang='lat' dir='ltr'>de</span> <span class='ocrx_word' id='word_1_15' title='bbox 914 744 945 809; x_wconf 87' lang='lat' dir='ltr'>vi</span> <span class='ocrx_word' id='word_1_16' title='bbox 961 744 1025 811; x_wconf 90' lang='lat' dir='ltr'>eius</span> <span class='ocrx_word' id='word_1_17' title='bbox 1047 745 1140 810; x_wconf 88' lang='lat' dir='ltr'>locali</span> <span class='ocrx_word' id='word_1_18' title='bbox 1156 745 1318 829; x_wconf 87' lang='lat' dir='ltr'>Ruegcrus</span> 
     </span>
     <span class='ocr_line' id='line_1_4' title="bbox 253 849 1318 934; baseline 0.001 -19"><span class='ocrx_word' id='word_1_19' title='bbox 253 870 312 917; x_wconf 94' lang='lat' dir='ltr'>non</span> <span class='ocrx_word' id='word_1_20' title='bbox 341 851 373 915; x_wconf 94' lang='lat' dir='ltr'>in</span> <span class='ocrx_word' id='word_1_21' title='bbox 403 850 538 916; x_wconf 87' lang='lat' dir='ltr'>medium</span> <span class='ocrx_word' id='word_1_22' title='bbox 562 849 692 933; x_wconf 88' lang='lat' dir='ltr'>prolatis</span> <span class='ocrx_word' id='word_1_23' title='bbox 716 850 775 915; x_wconf 93' lang='lat' dir='ltr'>nisi</span> <span class='ocrx_word' id='word_1_24' title='bbox 797 850 903 933; x_wconf 79' lang='lat' dir='ltr'>paucis</span> <span class='ocrx_word' id='word_1_25' title='bbox 926 851 1072 934; x_wconf 86' lang='lat' dir='ltr'>exemplis</span> <span class='ocrx_word' id='word_1_26' title='bbox 1095 852 1251 933; x_wconf 78' lang='lat' dir='ltr'>exposuit,</span> <span class='ocrx_word' id='word_1_27' title='bbox 1283 870 1318 916; x_wconf 91' lang='lat' dir='ltr'>ea</span> 
     </span>
     <span class='ocr_line' id='line_1_5' title="bbox 253 956 1317 1042; baseline 0.001 -19"><span class='ocrx_word' id='word_1_28' title='bbox 253 978 302 1023; x_wconf 89' lang='lat' dir='ltr'>me</span> <span class='ocrx_word' id='word_1_29' title='bbox 323 957 423 1024; x_wconf 90' lang='lat' dir='ltr'>iudice</span> <span class='ocrx_word' id='word_1_30' title='bbox 452 976 562 1042; x_wconf 88' lang='lat' dir='ltr'>parum</span> <span class='ocrx_word' id='word_1_31' title='bbox 589 956 697 1023; x_wconf 87' lang='lat' dir='ltr'>idonea</span> <span class='ocrx_word' id='word_1_32' title='bbox 726 960 813 1037; x_wconf 88' lang='lat' dir='ltr'>sunt,</span> <span class='ocrx_word' id='word_1_33' title='bbox 844 957 955 1042; x_wconf 90' lang='lat' dir='ltr'>quibus</span> <span class='ocrx_word' id='word_1_34' title='bbox 985 978 1058 1024; x_wconf 89' lang='lat' dir='ltr'>usus</span> <span class='ocrx_word' id='word_1_35' title='bbox 1087 958 1207 1024; x_wconf 86' lang='lat' dir='ltr'>dicendi</span> <span class='ocrx_word' id='word_1_36' title='bbox 1236 958 1317 1024; x_wconf 90' lang='lat' dir='ltr'>clare</span> 
     </span>
     <span class='ocr_line' id='line_1_6' title="bbox 251 1065 1317 1149; baseline 0.002 -20"><span class='ocrx_word' id='word_1_37' title='bbox 251 1067 409 1149; x_wconf 86' lang='lat' dir='ltr'>appareat,</span> <span class='ocrx_word' id='word_1_38' title='bbox 439 1065 620 1148; x_wconf 90' lang='lat' dir='ltr'>praesertim</span> <span class='ocrx_word' id='word_1_39' title='bbox 650 1083 720 1130; x_wconf 91' lang='lat' dir='ltr'>cum</span> <span class='ocrx_word' id='word_1_40' title='bbox 752 1065 819 1148; x_wconf 90' lang='lat' dir='ltr'>ipsa</span> <span class='ocrx_word' id='word_1_41' title='bbox 849 1065 989 1149; x_wconf 85' lang='lat' dir='ltr'>exempla</span> <span class='ocrx_word' id='word_1_42' title='bbox 1018 1085 1077 1132; x_wconf 94' lang='lat' dir='ltr'>non</span> <span class='ocrx_word' id='word_1_43' title='bbox 1107 1085 1143 1131; x_wconf 90' lang='lat' dir='ltr'>ea</span> <span class='ocrx_word' id='word_1_44' title='bbox 1173 1084 1233 1148; x_wconf 89' lang='lat' dir='ltr'>qua</span> <span class='ocrx_word' id='word_1_45' title='bbox 1260 1085 1317 1148; x_wconf 89' lang='lat' dir='ltr'>par</span> 
     </span>
     <span class='ocr_line' id='line_1_7' title="bbox 252 1171 1315 1258; baseline 0 -20"><span class='ocrx_word' id='word_1_46' title='bbox 252 1176 319 1238; x_wconf 88' lang='lat' dir='ltr'>erat</span> <span class='ocrx_word' id='word_1_47' title='bbox 352 1173 570 1258; x_wconf 70' lang='lat' dir='ltr'>perspicuitate</span> <span class='ocrx_word' id='word_1_48' title='bbox 603 1171 635 1237; x_wconf 92' lang='lat' dir='ltr'>in</span> <span class='ocrx_word' id='word_1_49' title='bbox 670 1172 809 1238; x_wconf 88' lang='lat' dir='ltr'>ordinem</span> <span class='ocrx_word' id='word_1_50' title='bbox 843 1172 967 1240; x_wconf 89' lang='lat' dir='ltr'>redacta</span> <span class='ocrx_word' id='word_1_51' title='bbox 1002 1172 1073 1239; x_wconf 91' lang='lat' dir='ltr'>sint.</span> <span class='ocrx_word' id='word_1_52' title='bbox 1120 1172 1226 1255; x_wconf 85' lang='lat' dir='ltr'>itaque</span> <span class='ocrx_word' id='word_1_53' title='bbox 1258 1192 1315 1258; x_wconf 92' lang='lat' dir='ltr'>ego</span> 
     </span>
     <span class='ocr_line' id='line_1_8' title="bbox 165 1271 1315 1363; baseline 0.001 -19"><span class='ocrx_word' id='word_1_54' title='bbox 165 1271 169 1283; x_wconf 81' lang='grc'>’</span> <span class='ocrx_word' id='word_1_55' title='bbox 251 1280 459 1363; x_wconf 90' lang='lat' dir='ltr'>quaestionem</span> <span class='ocrx_word' id='word_1_56' title='bbox 490 1280 548 1344; x_wconf 88' lang='lat' dir='ltr'>hoc</span> <span class='ocrx_word' id='word_1_57' title='bbox 577 1278 668 1345; x_wconf 92' lang='lat' dir='ltr'>modo</span> <span class='ocrx_word' id='word_1_58' title='bbox 692 1278 828 1345; x_wconf 89' lang='lat' dir='ltr'>institui:</span> <span class='ocrx_word' id='word_1_59' title='bbox 859 1280 993 1363; x_wconf 87' lang='lat' dir='ltr'>primum</span> <span class='ocrx_word' id='word_1_60' title='bbox 1025 1298 1128 1346; x_wconf 89' lang='lat' dir='ltr'>omnes</span> <span class='ocrx_word' id='word_1_61' title='bbox 1157 1279 1252 1361; x_wconf 91' lang='lat' dir='ltr'>locos,</span> <span class='ocrx_word' id='word_1_62' title='bbox 1283 1279 1315 1345; x_wconf 93' lang='lat' dir='ltr'>in</span> 
     </span>
     <span class='ocr_line' id='line_1_9' title="bbox 249 1382 1315 1471; baseline 0 -19"><span class='ocrx_word' id='word_1_63' title='bbox 249 1387 360 1469; x_wconf 92' lang='lat' dir='ltr'>quibus</span> <span class='ocrx_word' id='word_1_64' title='bbox 381 1382 453 1470; x_wconf 77' lang='grc' dir='ltr'><strong>ὑπὲρ</strong></span> <span class='ocrx_word' id='word_1_65' title='bbox 468 1385 606 1453; x_wconf 89' lang='lat' dir='ltr'>localiter</span> <span class='ocrx_word' id='word_1_66' title='bbox 629 1388 812 1469; x_wconf 87' lang='lat' dir='ltr'>usurpatum</span> <span class='ocrx_word' id='word_1_67' title='bbox 834 1386 996 1469; x_wconf 88' lang='lat' dir='ltr'>reperitur,</span> <span class='ocrx_word' id='word_1_68' title='bbox 1020 1385 1132 1471; x_wconf 84' lang='lat' dir='ltr'>collegi</span> <span class='ocrx_word' id='word_1_69' title='bbox 1155 1387 1315 1454; x_wconf 87' lang='lat' dir='ltr'>collectos-</span> 
     </span>
     <span class='ocr_line' id='line_1_10' title="bbox 251 1492 1316 1578; baseline 0.002 -20"><span class='ocrx_word' id='word_1_70' title='bbox 251 1512 309 1576; x_wconf 89' lang='lat' dir='ltr'>que</span> <span class='ocrx_word' id='word_1_71' title='bbox 332 1494 497 1560; x_wconf 90' lang='lat' dir='ltr'>secundum</span> <span class='ocrx_word' id='word_1_72' title='bbox 520 1492 657 1578; x_wconf 89' lang='lat' dir='ltr'>singulas</span> <span class='ocrx_word' id='word_1_73' title='bbox 680 1494 851 1576; x_wconf 88' lang='lat' dir='ltr'>particulae</span> <span class='ocrx_word' id='word_1_74' title='bbox 882 1493 1120 1576; x_wconf 85' lang='lat' dir='ltr'>significationes</span> <span class='ocrx_word' id='word_1_75' title='bbox 1149 1494 1181 1559; x_wconf 92' lang='lat' dir='ltr'>in</span> <span class='ocrx_word' id='word_1_76' title='bbox 1204 1495 1316 1562; x_wconf 86' lang='lat' dir='ltr'>classes</span> 
     </span>
     <span class='ocr_line' id='line_1_11' title="bbox 250 1599 1316 1684; baseline 0.002 -19"><span class='ocrx_word' id='word_1_77' title='bbox 250 1600 356 1684; x_wconf 87' lang='lat' dir='ltr'>divisi;</span> <span class='ocrx_word' id='word_1_78' title='bbox 380 1599 497 1680; x_wconf 92' lang='lat' dir='ltr'>deinde,</span> <span class='ocrx_word' id='word_1_79' title='bbox 526 1603 689 1684; x_wconf 88' lang='lat' dir='ltr'>postquam</span> <span class='ocrx_word' id='word_1_80' title='bbox 712 1600 744 1666; x_wconf 92' lang='lat' dir='ltr'>in</span> <span class='ocrx_word' id='word_1_81' title='bbox 769 1600 869 1666; x_wconf 86' lang='lat' dir='ltr'>fronte</span> <span class='ocrx_word' id='word_1_82' title='bbox 891 1600 1128 1684; x_wconf 91' lang='lat' dir='ltr'>uniuscuiusque</span> <span class='ocrx_word' id='word_1_83' title='bbox 1151 1601 1256 1666; x_wconf 87' lang='lat' dir='ltr'>classis</span> <span class='ocrx_word' id='word_1_84' title='bbox 1279 1621 1316 1667; x_wconf 91' lang='lat' dir='ltr'>ea</span> 
     </span>
     <span class='ocr_line' id='line_1_12' title="bbox 249 1707 1314 1791; baseline 0 -17"><span class='ocrx_word' id='word_1_85' title='bbox 249 1708 353 1788; x_wconf 89' lang='lat' dir='ltr'>verba,</span> <span class='ocrx_word' id='word_1_86' title='bbox 366 1708 547 1790; x_wconf 87' lang='lat' dir='ltr'>quibuscum</span> <span class='ocrx_word' id='word_1_87' title='bbox 559 1707 744 1791; x_wconf 89' lang='lat' dir='ltr'>praepositio</span> <span class='ocrx_word' id='word_1_88' title='bbox 756 1707 918 1774; x_wconf 84' lang='lat' dir='ltr'>coniuncta</span> <span class='ocrx_word' id='word_1_89' title='bbox 929 1708 985 1787; x_wconf 90' lang='lat' dir='ltr'>est,</span> <span class='ocrx_word' id='word_1_90' title='bbox 1002 1707 1159 1789; x_wconf 90' lang='lat' dir='ltr'>collocavi,</span> <span class='ocrx_word' id='word_1_91' title='bbox 1176 1709 1314 1791; x_wconf 87' lang='lat' dir='ltr'>singulos</span> 
     </span>
     <span class='ocr_line' id='line_1_13' title="bbox 248 1814 1314 1899; baseline 0.001 -18"><span class='ocrx_word' id='word_1_92' title='bbox 248 1815 332 1882; x_wconf 91' lang='lat' dir='ltr'>locos</span> <span class='ocrx_word' id='word_1_93' title='bbox 361 1815 548 1898; x_wconf 82' lang='lat' dir='ltr'>perlustravi</span> <span class='ocrx_word' id='word_1_94' title='bbox 577 1815 641 1894; x_wconf 89' lang='lat' dir='ltr'>ita,</span> <span class='ocrx_word' id='word_1_95' title='bbox 671 1817 707 1881; x_wconf 93' lang='lat' dir='ltr'>ut</span> <span class='ocrx_word' id='word_1_96' title='bbox 736 1833 755 1879; x_wconf 92' lang='lat' dir='ltr'>a</span> <span class='ocrx_word' id='word_1_97' title='bbox 784 1814 961 1880; x_wconf 88' lang='lat' dir='ltr'>certissimis</span> <span class='ocrx_word' id='word_1_98' title='bbox 990 1815 1137 1898; x_wconf 83' lang='lat' dir='ltr'>exemplis</span> <span class='ocrx_word' id='word_1_99' title='bbox 1159 1815 1314 1899; x_wconf 86' lang='lat' dir='ltr'>profectus</span> 
     </span>
     <span class='ocr_line' id='line_1_14' title="bbox 250 1921 1313 2006; baseline 0.001 -18"><span class='ocrx_word' id='word_1_100' title='bbox 250 1922 365 1988; x_wconf 86' lang='lat' dir='ltr'>similia</span> <span class='ocrx_word' id='word_1_101' title='bbox 388 1943 458 1989; x_wconf 93' lang='lat' dir='ltr'>cum</span> <span class='ocrx_word' id='word_1_102' title='bbox 482 1922 526 1988; x_wconf 90' lang='lat' dir='ltr'>eis</span> <span class='ocrx_word' id='word_1_103' title='bbox 549 1940 777 2006; x_wconf 89' lang='lat' dir='ltr'>componerem,</span> <span class='ocrx_word' id='word_1_104' title='bbox 808 1921 999 2006; x_wconf 87' lang='lat' dir='ltr'>argumentis</span> <span class='ocrx_word' id='word_1_105' title='bbox 1027 1924 1058 1988; x_wconf 89' lang='lat' dir='ltr'>ct</span> <span class='ocrx_word' id='word_1_106' title='bbox 1085 1941 1120 1986; x_wconf 81' lang='lat' dir='ltr'>en</span> <span class='ocrx_word' id='word_1_107' title='bbox 1144 1923 1313 1989; x_wconf 86' lang='lat' dir='ltr'>Pausaniae</span> 
     </span>
    </p>
   </div>
   <div class='ocr_carea' id='block_1_3' title="bbox 248 2028 1413 2112">
    <p class='ocr_par' dir='ltr' id='par_1_3' title="bbox 248 2028 1413 2112">
     <span class='ocr_line' id='line_1_15' title="bbox 248 2028 1413 2112; baseline 0.003 -19"><span class='ocrx_word' id='word_1_108' title='bbox 248 2029 343 2112; x_wconf 88' lang='lat' dir='ltr'>ipsius</span> <span class='ocrx_word' id='word_1_109' title='bbox 374 2029 475 2095; x_wconf 85' lang='lat' dir='ltr'>verbis</span> <span class='ocrx_word' id='word_1_110' title='bbox 502 2031 534 2094; x_wconf 90' lang='lat' dir='ltr'>ct</span> <span class='ocrx_word' id='word_1_111' title='bbox 560 2048 596 2094; x_wconf 84' lang='lat' dir='ltr'>ex</span> <span class='ocrx_word' id='word_1_112' title='bbox 623 2029 762 2094; x_wconf 89' lang='lat' dir='ltr'>locorum</span> <span class='ocrx_word' id='word_1_113' title='bbox 793 2047 872 2111; x_wconf 88' lang='lat' dir='ltr'>quae</span> <span class='ocrx_word' id='word_1_114' title='bbox 899 2028 1114 2094; x_wconf 88' lang='lat' dir='ltr'>describuntur</span> <span class='ocrx_word' id='word_1_115' title='bbox 1144 2030 1254 2095; x_wconf 87' lang='lat' dir='ltr'>natura</span> <span class='ocrx_word' id='word_1_116' title='bbox 1281 2035 1313 2097; x_wconf 91' lang='lat' dir='ltr'>et</span> <span class='ocrx_word' id='word_1_117' title='bbox 1411 2031 1413 2034; x_wconf 72' lang='grc'>’</span> 
     </span>
    </p>
   </div>
   <div class='ocr_carea' id='block_1_4' title="bbox 246 2135 1313 2759">
    <p class='ocr_par' dir='ltr' id='par_1_4' title="bbox 246 2135 1313 2759">
     <span class='ocr_line' id='line_1_16' title="bbox 249 2135 1313 2222; baseline 0.002 -21"><span class='ocrx_word' id='word_1_118' title='bbox 249 2155 284 2202; x_wconf 84' lang='lat' dir='ltr'>ex</span> <span class='ocrx_word' id='word_1_119' title='bbox 309 2136 362 2217; x_wconf 90' lang='lat' dir='ltr'>eis,</span> <span class='ocrx_word' id='word_1_120' title='bbox 388 2155 465 2220; x_wconf 85' lang='lat' dir='ltr'>quae</span> <span class='ocrx_word' id='word_1_121' title='bbox 480 2136 553 2220; x_wconf 89' lang='lat' dir='ltr'>pala</span> <span class='ocrx_word' id='word_1_122' title='bbox 569 2135 840 2219; x_wconf 86' lang='lat' dir='ltr'>arebaeologorum</span> <span class='ocrx_word' id='word_1_123' title='bbox 864 2136 895 2200; x_wconf 95' lang='lat' dir='ltr'>in</span> <span class='ocrx_word' id='word_1_124' title='bbox 919 2137 1021 2202; x_wconf 88' lang='lat' dir='ltr'>lucem</span> <span class='ocrx_word' id='word_1_125' title='bbox 1040 2137 1202 2220; x_wconf 88' lang='lat' dir='ltr'>prompsit,</span> <span class='ocrx_word' id='word_1_126' title='bbox 1227 2157 1313 2222; x_wconf 90' lang='lat' dir='ltr'>repe-</span> 
     </span>
     <span class='ocr_line' id='line_1_17' title="bbox 246 2243 1312 2328; baseline 0.002 -20"><span class='ocrx_word' id='word_1_127' title='bbox 246 2243 313 2309; x_wconf 89' lang='lat' dir='ltr'>titis</span> <span class='ocrx_word' id='word_1_128' title='bbox 328 2246 420 2326; x_wconf 91' lang='lat' dir='ltr'>atque</span> <span class='ocrx_word' id='word_1_129' title='bbox 435 2244 605 2321; x_wconf 82' lang='lat' dir='ltr'>Pausaniae</span> <span class='ocrx_word' id='word_1_130' title='bbox 622 2243 740 2309; x_wconf 87' lang='lat' dir='ltr'>ratione</span> <span class='ocrx_word' id='word_1_131' title='bbox 755 2243 876 2309; x_wconf 89' lang='lat' dir='ltr'>dicendi</span> <span class='ocrx_word' id='word_1_132' title='bbox 892 2263 962 2309; x_wconf 89' lang='lat' dir='ltr'>cum</span> <span class='ocrx_word' id='word_1_133' title='bbox 979 2245 1111 2310; x_wconf 89' lang='lat' dir='ltr'>aliorum</span> <span class='ocrx_word' id='word_1_134' title='bbox 1127 2244 1312 2328; x_wconf 87' lang='lat' dir='ltr'>scriptorum</span> 
     </span>
     <span class='ocr_line' id='line_1_18' title="bbox 247 2348 1310 2436; baseline 0.002 -20"><span class='ocrx_word' id='word_1_135' title='bbox 247 2353 425 2434; x_wconf 86' lang='lat' dir='ltr'>comparato</span> <span class='ocrx_word' id='word_1_136' title='bbox 448 2350 606 2430; x_wconf 74' lang='lat' dir='ltr'>ollibus,</span> <span class='ocrx_word' id='word_1_137' title='bbox 639 2349 691 2433; x_wconf 93' lang='lat' dir='ltr'>qui</span> <span class='ocrx_word' id='word_1_138' title='bbox 721 2348 760 2414; x_wconf 91' lang='lat' dir='ltr'>ad</span> <span class='ocrx_word' id='word_1_139' title='bbox 790 2350 1029 2435; x_wconf 83' lang='lat' dir='ltr'>geographiam,</span> <span class='ocrx_word' id='word_1_140' title='bbox 1061 2352 1310 2436; x_wconf 89' lang='lat' dir='ltr'>topographiam,</span> 
     </span>
     <span class='ocr_line' id='line_1_19' title="bbox 247 2457 1312 2541; baseline 0.002 -19"><span class='ocrx_word' id='word_1_141' title='bbox 247 2457 390 2541; x_wconf 88' lang='lat' dir='ltr'>antiquae</span> <span class='ocrx_word' id='word_1_142' title='bbox 419 2458 495 2526; x_wconf 89' lang='lat' dir='ltr'>artis</span> <span class='ocrx_word' id='word_1_143' title='bbox 525 2457 687 2524; x_wconf 85' lang='lat' dir='ltr'>historiam</span> <span class='ocrx_word' id='word_1_144' title='bbox 718 2460 866 2540; x_wconf 88' lang='lat' dir='ltr'>spectant,</span> <span class='ocrx_word' id='word_1_145' title='bbox 897 2459 928 2523; x_wconf 94' lang='lat' dir='ltr'>in</span> <span class='ocrx_word' id='word_1_146' title='bbox 953 2458 1102 2524; x_wconf 85' lang='lat' dir='ltr'>auxilium</span> <span class='ocrx_word' id='word_1_147' title='bbox 1124 2460 1242 2526; x_wconf 86' lang='lat' dir='ltr'>vocatis</span> <span class='ocrx_word' id='word_1_148' title='bbox 1269 2461 1312 2540; x_wconf 91' lang='lat' dir='ltr'>et,</span> 
     </span>
     <span class='ocr_line' id='line_1_20' title="bbox 246 2564 1311 2650; baseline 0.001 -19"><span class='ocrx_word' id='word_1_149' title='bbox 246 2564 299 2631; x_wconf 93' lang='lat' dir='ltr'>ubi</span> <span class='ocrx_word' id='word_1_150' title='bbox 322 2565 384 2631; x_wconf 87' lang='lat' dir='ltr'>olla</span> <span class='ocrx_word' id='word_1_151' title='bbox 407 2565 482 2631; x_wconf 87' lang='lat' dir='ltr'>satis</span> <span class='ocrx_word' id='word_1_152' title='bbox 504 2564 613 2631; x_wconf 90' lang='lat' dir='ltr'>idonea</span> <span class='ocrx_word' id='word_1_153' title='bbox 636 2567 818 2650; x_wconf 87' lang='lat' dir='ltr'>argumenta</span> <span class='ocrx_word' id='word_1_154' title='bbox 842 2565 977 2644; x_wconf 88' lang='lat' dir='ltr'>deerant,</span> <span class='ocrx_word' id='word_1_155' title='bbox 1009 2566 1253 2633; x_wconf 87' lang='lat' dir='ltr'>conclusionibus</span> <span class='ocrx_word' id='word_1_156' title='bbox 1276 2587 1311 2633; x_wconf 86' lang='lat' dir='ltr'>ex</span> 
     </span>
     <span class='ocr_line' id='line_1_21' title="bbox 246 2673 512 2759; baseline 0 -21"><span class='ocrx_word' id='word_1_157' title='bbox 246 2673 391 2759; x_wconf 86' lang='lat' dir='ltr'>analogia</span> <span class='ocrx_word' id='word_1_158' title='bbox 413 2673 512 2740; x_wconf 89' lang='lat' dir='ltr'>factis.</span> 
     </span>
    </p>
   </div>
   <div class='ocr_carea' id='block_1_5' title="bbox 603 2935 951 3040">
    <p class='ocr_par' dir='ltr' id='par_1_5' title="bbox 603 2935 951 3040">
     <span class='ocr_line' id='line_1_22' title="bbox 603 2935 951 3040; baseline -0.003 -20"><span class='ocrx_word' id='word_1_159' title='bbox 603 2935 733 3040; x_wconf 82' lang='lat' dir='ltr'>eaput</span> <span class='ocrx_word' id='word_1_160' title='bbox 759 2935 951 3040; x_wconf 88' lang='lat' dir='ltr'>primun.</span> 
     </span>
    </p>
   </div>
   <div class='ocr_carea' id='block_1_6' title="bbox 430 3122 1118 3209">
    <p class='ocr_par' dir='ltr' id='par_1_6' title="bbox 430 3122 1118 3209">
     <span class='ocr_line' id='line_1_23' title="bbox 430 3122 1118 3209; baseline -0.003 -19"><span class='ocrx_word' id='word_1_161' title='bbox 430 3127 481 3192; x_wconf 90' lang='lat' dir='ltr'>De</span> <span class='ocrx_word' id='word_1_162' title='bbox 504 3122 588 3209; x_wconf 76' lang='grc' dir='ltr'>ὑπὲρ</span> <span class='ocrx_word' id='word_1_163' title='bbox 612 3145 691 3190; x_wconf 89' lang='lat' dir='ltr'>oum</span> <span class='ocrx_word' id='word_1_164' title='bbox 715 3123 889 3209; x_wconf 87' lang='lat' dir='ltr'>genetivo</span> <span class='ocrx_word' id='word_1_165' title='bbox 912 3125 1118 3190; x_wconf 90' lang='lat' dir='ltr'>coniuncto.</span> 
     </span>
    </p>
   </div>
   <div class='ocr_carea' id='block_1_7' title="bbox 309 3301 1311 4246">
    <p class='ocr_par' dir='ltr' id='par_1_7' title="bbox 309 3301 1311 4030">
     <span class='ocr_line' id='line_1_24' title="bbox 309 3301 1310 3388; baseline 0.002 -19"><span class='ocrx_word' id='word_1_166' title='bbox 309 3306 335 3372; x_wconf 92' lang='lat' dir='ltr'>l.</span> <span class='ocrx_word' id='word_1_167' title='bbox 359 3301 445 3388; x_wconf 75' lang='grc' dir='ltr'>Ὑπὲρ</span> <span class='ocrx_word' id='word_1_168' title='bbox 475 3323 545 3370; x_wconf 91' lang='lat' dir='ltr'>cnm</span> <span class='ocrx_word' id='word_1_169' title='bbox 577 3304 720 3388; x_wconf 84' lang='lat' dir='ltr'>genetiuo</span> <span class='ocrx_word' id='word_1_170' title='bbox 751 3304 920 3385; x_wconf 87' lang='lat' dir='ltr'>usurpatur</span> <span class='ocrx_word' id='word_1_171' title='bbox 949 3301 986 3367; x_wconf 91' lang='lat' dir='ltr'>de</span> <span class='ocrx_word' id='word_1_172' title='bbox 1019 3306 1134 3387; x_wconf 89' lang='lat' dir='ltr'>motu,</span> <span class='ocrx_word' id='word_1_173' title='bbox 1166 3304 1219 3385; x_wconf 92' lang='lat' dir='ltr'>qui</span> <span class='ocrx_word' id='word_1_174' title='bbox 1250 3305 1310 3371; x_wconf 91' lang='lat' dir='ltr'>loci</span> 
     </span>
     <span class='ocr_line' id='line_1_25' title="bbox 358 3408 1309 3495; baseline 0.002 -18"><span class='ocrx_word' id='word_1_175' title='bbox 358 3413 448 3477; x_wconf 84' lang='lat' dir='ltr'>linem</span> <span class='ocrx_word' id='word_1_176' title='bbox 483 3410 723 3495; x_wconf 86' lang='lat' dir='ltr'>transgreditur.</span> <span class='ocrx_word' id='word_1_177' title='bbox 774 3408 856 3475; x_wconf 93' lang='lat' dir='ltr'>uude</span> <span class='ocrx_word' id='word_1_178' title='bbox 891 3409 1113 3494; x_wconf 86' lang='lat' dir='ltr'>significatione</span> <span class='ocrx_word' id='word_1_179' title='bbox 1148 3411 1309 3494; x_wconf 89' lang='lat' dir='ltr'>respondet</span> 
     </span>
     <span class='ocr_line' id='line_1_26' title="bbox 356 3513 1311 3606; baseline 0.003 -23"><span class='ocrx_word' id='word_1_180' title='bbox 356 3519 513 3586; x_wconf 88' lang='lat' dir='ltr'>vocabulis</span> <span class='ocrx_word' id='word_1_181' title='bbox 528 3519 650 3583; x_wconf 89' lang='lat' dir='ltr'>nostrae</span> <span class='ocrx_word' id='word_1_182' title='bbox 665 3517 789 3601; x_wconf 90' lang='lat' dir='ltr'>linguae</span> <span class='ocrx_word' id='word_1_183' title='bbox 805 3513 908 3582; x_wconf 74' lang='lat' dir='ltr'>‘siber</span> <span class='ocrx_word' id='word_1_184' title='bbox 924 3554 966 3564; x_wconf 97' lang='lat'><em>-</em></span> <span class='ocrx_word' id='word_1_185' title='bbox 983 3514 1083 3602; x_wconf 78' lang='lat' dir='ltr'>ueg&#39;3</span> <span class='ocrx_word' id='word_1_186' title='bbox 1108 3537 1163 3600; x_wconf 95' lang='lat' dir='ltr'>pro</span> <span class='ocrx_word' id='word_1_187' title='bbox 1179 3518 1311 3606; x_wconf 69' lang='lat' dir='ltr'>quibus,</span> 
     </span>
     <span class='ocr_line' id='line_1_27' title="bbox 357 3620 1297 3709; baseline -0.001 -16"><span class='ocrx_word' id='word_1_188' title='bbox 357 3626 384 3693; x_wconf 87' lang='lat' dir='ltr'>si</span> <span class='ocrx_word' id='word_1_189' title='bbox 396 3629 499 3692; x_wconf 88' lang='lat' dir='ltr'>motus</span> <span class='ocrx_word' id='word_1_190' title='bbox 511 3645 631 3693; x_wconf 87' lang='lat' dir='ltr'>sursum</span> <span class='ocrx_word' id='word_1_191' title='bbox 645 3624 691 3704; x_wconf 91' lang='lat' dir='ltr'>fit,</span> <span class='ocrx_word' id='word_1_192' title='bbox 711 3620 1023 3691; x_wconf 80' lang='lat' dir='ltr'>‘suber-hervor&#39;</span> <span class='ocrx_word' id='word_1_193' title='bbox 1034 3625 1098 3690; x_wconf 83' lang='lat' dir='ltr'>siue</span> <span class='ocrx_word' id='word_1_194' title='bbox 1110 3621 1159 3672; x_wconf 80' lang='lat'>‘-</span> <span class='ocrx_word' id='word_1_195' title='bbox 1174 3644 1297 3709; x_wconf 88' lang='lat' dir='ltr'>emper</span> 
     </span>
     <span class='ocr_line' id='line_1_28' title="bbox 356 3731 1308 3816; baseline 0 -17"><span class='ocrx_word' id='word_1_196' title='bbox 356 3733 541 3800; x_wconf 89' lang='lat' dir='ltr'>substituere</span> <span class='ocrx_word' id='word_1_197' title='bbox 564 3732 707 3798; x_wconf 87' lang='lat' dir='ltr'>solemus.</span> <span class='ocrx_word' id='word_1_198' title='bbox 742 3732 844 3811; x_wconf 87' lang='lat' dir='ltr'>verba,</span> <span class='ocrx_word' id='word_1_199' title='bbox 868 3750 947 3815; x_wconf 91' lang='lat' dir='ltr'>quae</span> <span class='ocrx_word' id='word_1_200' title='bbox 969 3731 1008 3797; x_wconf 94' lang='lat' dir='ltr'>ad</span> <span class='ocrx_word' id='word_1_201' title='bbox 1031 3732 1215 3814; x_wconf 89' lang='lat' dir='ltr'>particulam</span> <span class='ocrx_word' id='word_1_202' title='bbox 1238 3753 1308 3816; x_wconf 90' lang='lat' dir='ltr'>per·</span> 
     </span>
     <span class='ocr_line' id='line_1_29' title="bbox 355 3838 1306 3923; baseline 0 -17"><span class='ocrx_word' id='word_1_203' title='bbox 355 3840 466 3919; x_wconf 90' lang='lat' dir='ltr'>tinent,</span> <span class='ocrx_word' id='word_1_204' title='bbox 491 3840 647 3906; x_wconf 88' lang='lat' dir='ltr'>notionem</span> <span class='ocrx_word' id='word_1_205' title='bbox 672 3839 788 3905; x_wconf 90' lang='lat' dir='ltr'>babent</span> <span class='ocrx_word' id='word_1_206' title='bbox 811 3838 997 3918; x_wconf 87' lang='lat' dir='ltr'>movendi,</span> <span class='ocrx_word' id='word_1_207' title='bbox 1021 3857 1069 3904; x_wconf 85' lang='lat' dir='ltr'>res</span> <span class='ocrx_word' id='word_1_208' title='bbox 1085 3841 1188 3904; x_wconf 90' lang='lat' dir='ltr'>autem</span> <span class='ocrx_word' id='word_1_209' title='bbox 1212 3840 1306 3923; x_wconf 87' lang='lat' dir='ltr'>ipsae,</span> 
     </span>
     <span class='ocr_line' id='line_1_30' title="bbox 355 3945 1306 4030; baseline 0 -18"><span class='ocrx_word' id='word_1_210' title='bbox 355 3946 392 4012; x_wconf 94' lang='lat' dir='ltr'>de</span> <span class='ocrx_word' id='word_1_211' title='bbox 415 3947 525 4030; x_wconf 90' lang='lat' dir='ltr'>quibus</span> <span class='ocrx_word' id='word_1_212' title='bbox 548 3945 701 4024; x_wconf 85' lang='lat' dir='ltr'>dicuntur,</span> <span class='ocrx_word' id='word_1_213' title='bbox 726 3945 868 4012; x_wconf 87' lang='lat' dir='ltr'>videntur</span> <span class='ocrx_word' id='word_1_214' title='bbox 891 3945 1017 4024; x_wconf 87' lang='lat' dir='ltr'>moveri,</span> <span class='ocrx_word' id='word_1_215' title='bbox 1045 3964 1106 4010; x_wconf 93' lang='lat' dir='ltr'>non</span> <span class='ocrx_word' id='word_1_216' title='bbox 1129 3948 1306 4012; x_wconf 82' lang='lat' dir='ltr'>moventur:</span> 
     </span>
    </p>

    <p class='ocr_par' dir='ltr' id='par_1_8' title="bbox 353 4051 1307 4246">
     <span class='ocr_line' id='line_1_31' title="bbox 421 4051 1307 4140; baseline 0.002 -24"><span class='ocrx_word' id='word_1_217' title='bbox 421 4055 582 4140; x_wconf 73' lang='lat' dir='ltr'>aadq&#39;aern:</span> <span class='ocrx_word' id='word_1_218' title='bbox 607 4053 634 4117; x_wconf 88' lang='lat' dir='ltr'>V</span> <span class='ocrx_word' id='word_1_219' title='bbox 653 4055 703 4134; x_wconf 88' lang='lat' dir='ltr'>lo,</span> <span class='ocrx_word' id='word_1_220' title='bbox 720 4055 755 4130; x_wconf 86' lang='lat'>3;</span> <span class='ocrx_word' id='word_1_221' title='bbox 780 4051 907 4138; x_wconf 74' lang='grc' dir='ltr'>ἀνέχεινε</span> <span class='ocrx_word' id='word_1_222' title='bbox 930 4052 1049 4132; x_wconf 87' lang='lat'>11120,</span> <span class='ocrx_word' id='word_1_223' title='bbox 1070 4055 1090 4118; x_wconf 87' lang='lat'><strong>3</strong></span> <span class='ocrx_word' id='word_1_224' title='bbox 1114 4053 1193 4119; x_wconf 88' lang='lat' dir='ltr'>VllI</span> <span class='ocrx_word' id='word_1_225' title='bbox 1218 4055 1307 4132; x_wconf 83' lang='lat'>11,4</span> 
     </span>
     <span class='ocr_line' id='line_1_32' title="bbox 353 4157 1106 4246; baseline -0.004 -20"><span class='ocrx_word' id='word_1_226' title='bbox 353 4161 489 4240; x_wconf 83' lang='lat' dir='ltr'>X26,2</span> <span class='ocrx_word' id='word_1_227' title='bbox 513 4159 565 4244; x_wconf 85' lang='lat' dir='ltr'>(ol.</span> <span class='ocrx_word' id='word_1_228' title='bbox 590 4179 621 4244; x_wconf 86' lang='lat' dir='ltr'>p.</span> <span class='ocrx_word' id='word_1_229' title='bbox 647 4161 666 4226; x_wconf 87' lang='lat'>6</span> <span class='ocrx_word' id='word_1_230' title='bbox 690 4159 765 4244; x_wconf 87' lang='lat' dir='ltr'>sq.);</span> <span class='ocrx_word' id='word_1_231' title='bbox 790 4157 934 4246; x_wconf 75' lang='grc' dir='ltr'>ἀνὶσχειντ</span> <span class='ocrx_word' id='word_1_232' title='bbox 959 4159 1058 4238; x_wconf 75' lang='lat' dir='ltr'>xla,</span> <span class='ocrx_word' id='word_1_233' title='bbox 1076 4162 1106 4225; x_wconf 91' lang='lat' dir='ltr'>l.</span> 
     </span>
    </p>
   </div>
   <div class='ocr_carea' id='block_1_8' title="bbox 0 0 1572 4964">
    <p class='ocr_par' dir='ltr' id='par_1_9' title="bbox 0 0 1572 4964">
     <span class='ocr_line' id='line_1_33' title="bbox 0 0 1572 4964; baseline 0 5"><span class='ocrx_word' id='word_1_234' title='bbox 0 0 1572 4964; x_wconf 95' lang='lat' dir='ltr'> </span> 
     </span>
    </p>
   </div>
  </div>
 </body>
</html>
