3134 4964
672 423 892 483 ,63-

248 615 420 694 Plastenae,
446 616 580 681 Deorum
596 615 718 694 Matris,
743 634 878 692 sacrum3
902 635 973 681 nam
997 616 1054 683 sub
1071 615 1145 698 ipsis
1161 613 1315 680 radicibus

248 721 313 787 eius
337 723 465 799 montis,
497 723 611 806 inquo
639 723 769 788 thronus
798 723 972 788 etiamnunc
1002 722 1175 804 insculptus
1204 723 1314 798 exstat,

248 828 279 894 in
302 829 370 911 ripa
393 829 461 908 riri,
485 829 538 913 qui
559 825 872 896 ‘lurik-kaiatschai’
896 829 1019 911 dicitur,
1043 830 1129 894 locus
1144 829 1198 894 ille
1214 831 1314 913 patet,

248 954 308 1019 quo
331 939 402 1002 anta
424 955 536 1020 paucos
559 955 655 1004 anuos
678 939 710 1002 et
732 936 959 1020 inscriptiones,
984 955 1060 1020 quas
1082 936 1260 1014 attulimus
1284 937 1316 1002 et

248 1043 329 1109 dona
340 1043 504 1110 Plastenac
515 1043 630 1122 oblata,
643 1045 715 1127 quin
728 1044 821 1110 etiam
837 1044 1011 1111 aedificium
1027 1043 1181 1127 quoddam
1195 1044 1316 1110 detecta

247 1148 396 1235 sunt¹³²);
428 1152 460 1214 et
490 1151 516 1215 si
545 1150 590 1218 M.
614 1148 837 1217 Schueisthalii
860 1151 1027 1238 opinio¹⁸⁸l
1056 1169 1129 1217 vera
1161 1152 1225 1229 est,
1257 1151 1315 1215 hoo

248 1255 422 1322 aedificium
454 1265 500 1323 eat
529 1277 651 1323 sacrum
680 1259 816 1324 Deorum
847 1258 974 1324 Matris:
1007 1259 1053 1325 sin
1084 1259 1203 1336 minus,
1234 1259 1316 1323 certe

248 1364 398 1447 templum
422 1364 514 1430 rebus
537 1365 666 1449 repertis
690 1365 864 1448 proximum
887 1366 982 1432 fuisse
1005 1369 1142 1448 apparet.

315 1471 345 1536 ll
370 1472 437 1550 4,7
468 1467 552 1558 ὑπὲρ
581 1480 681 1537 τοῦτο
712 1472 768 1560 (sc.
799 1476 832 1537 τὸ
860 1469 1013 1562 Ἀνάγκης
1043 1476 1095 1536 καί
1122 1471 1197 1545 Βίας
1227 1468 1315 1558 ἱερόν)

248 1575 371 1665 Μητρὸς
402 1580 482 1642 θεῶν
514 1583 585 1652 ναός
614 1577 672 1643 ἐστι
705 1577 769 1667 [καὶ
799 1578 908 1669 στήλη]
941 1583 993 1644 καί
1024 1583 1144 1665 θρόνος.
1180 1581 1316 1646 Deorum

248 1686 359 1753 Matris
382 1687 534 1770 templum
557 1688 747 1753 exstructum
777 1691 845 1754 erat
873 1689 905 1753 in
928 1707 989 1753 una
1013 1706 1155 1753 arearum
1187 1686 1316 1752 acclives

247 1795 350 1876 partes
372 1793 588 1860 Acrocorinthi
612 1793 827 1878 occupantium
851 1814 943 1878 supra
966 1794 1167 1861 Necessitatis
1189 1794 1316 1860 Violen-

248 1900 370 1983 tiaeque
394 1900 515 1978 aedem;
540 1920 611 1967 nam
634 1901 705 1966 huic
720 1901 876 1986 periegeta
898 1921 999 1967 arcem
1015 1902 1178 1968 ascendens
1193 1901 1315 1967 obviam

248 2007 275 2074 it
297 2008 431 2090 primum
441 2005 506 2092 ¹³⁹).
531 2029 561 2074 ν.
585 2006 671 2074 (lunt.
696 2008 717 2075 l.
734 2027 761 2073 c.
778 2009 808 2073 ll
824 2029 854 2092 p.
872 2011 947 2089 533,
972 2011 1061 2076 Burs.
1086 2010 1107 2075 l.
1127 2028 1153 2074 o.
1170 2009 1202 2073 II
1218 2029 1248 2091 p.
1265 2011 1315 2076 17.

315 2115 393 2180 VIII
416 2116 470 2197 37,
490 2118 529 2181 lO
559 2111 644 2199 ὑπὲρ
675 2115 708 2179 δὲ
730 2119 769 2179 τὸ
791 2117 1013 2201 autuonsomo
1037 2113 1210 2199 Μέγαρόν
1239 2113 1315 2179 ἐστιν

248 2220 343 2292 ἄλσος
358 2231 412 2308 τῆς
426 2219 587 2309 Δεσποίνης
606 2218 693 2307 ἱερόν.
713 2260 750 2270 -
768 2219 856 2309 ὑπὲρ
879 2222 912 2285 δὲ
935 2225 972 2286 τὸ
995 2221 1108 2296 ἄλσος
1131 2226 1181 2286 καί
1204 2219 1316 2286 Ἱππίου

249 2327 435 2400 Ποσειδῶνος
457 2367 501 2376 -
524 2332 575 2393 καί
594 2332 674 2395 θεῶν
697 2327 797 2394 ἄλλων
819 2327 874 2395 εἰσί
896 2333 1000 2417 βωμοί.
1025 2331 1051 2397 si
1067 2330 1316 2409 consideraveris

249 2455 326 2519 quae
349 2439 420 2502 ante
450 2439 524 2502 haec
554 2437 648 2503 verba
678 2456 814 2520 quaeque
843 2440 913 2521 post
943 2437 1102 2520 dicuntur,
1134 2438 1316 2521 scriptorem

248 2544 413 2629 perspicies
436 2545 501 2610 solo
526 2544 691 2611 variandae
714 2545 862 2610 orationis
885 2544 987 2612 studio
1019 2545 1185 2612 adductum
1210 2545 1315 2611 eadem

247 2651 339 2734 plane
362 2651 587 2736 significatione
611 2653 701 2717 modo
725 2649 910 2734 ἐπαναβάντι,
938 2652 1030 2719 modo
1053 2649 1125 2736 ὑπὲρ
1149 2672 1220 2719 oum
1243 2672 1315 2731 acc,

249 2758 339 2824 modo
355 2744 500 2846 ἀναβήσῃ,
518 2759 609 2827 modo
625 2757 760 2843 ἀνωτέρω
777 2759 922 2842 posuisse.
946 2760 999 2843 qui
1014 2763 1178 2844 postquam
1194 2779 1229 2826 ex
1242 2760 1316 2825 urbe

249 2865 393 2932 Acacesio
417 2865 563 2945 discessit,
585 2865 751 2949 paullatim
775 2865 892 2932 deiecta
916 2867 1088 2950 Lycosurae
1112 2866 1226 2932 montis
1247 2867 1316 2932 loca

249 2971 385 3038 ascendit
408 2973 447 3038 ab
464 2973 562 3040 altero
579 2973 677 3057 gradu
701 2972 740 3037 ad
756 2974 901 3052 alterum,
927 2993 997 3039 cum
1013 2973 1152 3039 aedificia
1177 2977 1208 3039 et
1223 2992 1316 3056 quae-

250 3098 380 3162 cumque
403 3079 447 3145 ibi
469 3082 542 3146 sunt
564 3080 750 3163 perlustrat,
782 3081 882 3164 quoad
911 3081 1026 3147 montis
1054 3081 1163 3165 iugum
1190 3081 1316 3165 artigia

250 3186 354 3252 confer
381 3186 461 3252 enim
485 3207 511 3252 c.
536 3190 589 3263 37,
610 3191 625 3252 l
643 3207 708 3270 sqq.
738 3198 840 3271 πρῶτα
870 3191 921 3273 μὲν
952 3187 989 3274 δὴ
1020 3184 1126 3251 αὐτόθι
1149 3184 1317 3274 Ἡγεμόνης

249 3297 319 3364 ναός
341 3290 417 3357 ἐστιν
440 3289 615 3379 Ἀρτέμιδος
641 3331 690 3358 -.
722 3291 854 3359 ἐντεῦθεν
883 3294 914 3358 δὲ
941 3291 974 3367 ἐς
997 3297 1043 3358 τὸν
1065 3291 1140 3378 ἱερὸν
1164 3294 1315 3379 περίβολον

250 3409 303 3487 τῆς
324 3397 488 3488 Δεσποίνης
511 3397 587 3465 ἐστίν
611 3398 724 3474 ἔσοδος.
746 3398 847 3466 ἰόντων
877 3401 909 3464 δὲ
940 3398 985 3464 ἐπὶ
1016 3403 1064 3465 τὸν
1093 3403 1162 3466 ναόν
1190 3405 1263 3465 στοόι
1286 3405 1316 3463 τὲ

249 3504 323 3570 ἐστιν
346 3504 377 3569 ἐν
401 3506 482 3591 δεξιᾷ
507 3545 558 3575 -.
589 3511 646 3593 πρὸ
677 3508 709 3572 δὲ
732 3517 782 3572 τοῦ
812 3517 883 3573 ναοί)
905 3505 1040 3596 Δήμητρί
1069 3512 1100 3571 τό
1129 3505 1187 3571 ἐστι
1216 3509 1316 3592 βωμὸς

249 3617 300 3678 καὶ
322 3611 421 3699 ἕτερος
443 3612 587 3699 Δεσποίνῃ
611 3618 700 3694 cett.;
724 3617 840 3698 templo
857 3616 1034 3697 Despoenae
1058 3615 1209 3697 descripto
1232 3615 1316 3680 Pan·

250 3721 350 3787 sanias
373 3723 475 3804 pergit
498 3722 516 3804 ἓ
533 3724 552 3788 8
569 3741 649 3805 sqq:
673 3725 755 3805 παρὰ
778 3722 810 3786 δὲ
825 3725 874 3786 τὸν
890 3724 958 3785 ναόν
973 3731 1026 3808 πῆς
1042 3718 1204 3809 Δεσποίνης
1219 3718 1316 3801 ὀλίγον

324 3895 367 3968 ¹⁸²)
387 3898 428 3955 df.
448 3899 514 3954 ath.
532 3899 605 3954 uite.
624 3899 679 3954 XII
698 3899 792 3970 (1887)
811 3918 836 3971 p.
849 3900 899 3954 271
915 3916 971 3970 sqq.
991 3902 1018 3954 et
1037 3899 1097 3964 252,
1113 3900 1145 3954 16
1165 3902 1191 3953 at
1212 3901 1253 3954 17.

323 3987 370 4058 ¹³⁸)
389 3988 451 4043 Rev.
471 3989 543 4044 arch.
562 3989 611 4043 XV
630 3988 723 4058 (1890)
740 4006 767 4058 p.
780 3990 832 4045 390
849 4006 905 4059 sqq.

324 4077 367 4146 ¹³⁰)
388 4076 428 4134 cf.
444 4076 512 4143 114,
526 4078 542 4131 6
563 4076 660 4131 ἀνιοῦσι
676 4075 704 4129 δὲ
718 4076 744 4140 ἒς
757 4078 801 4130 τόν
813 4076 1035 4150 Ἀπροπόρινθον;
1055 4079 1080 4144 5,
1097 4080 1107 4133 l
1132 4075 1273 4130 ἀνελθοῦσι
1288 4074 1316 4130 δὲ

251 4165 277 4229 ἐς
297 4167 339 4218 τὸν
358 4164 576 4239 Ἀκροκόρινθον.
