3134 4964
716 472 935 532 „62-

287 664 380 748 χωρίς
404 661 437 724 δὲ
466 663 501 725 τὰ
531 657 595 746 ἱερὰ
623 657 709 744 ὑπὲρ
738 658 911 749 noceam)
938 661 968 726 ἐν
997 666 1126 747 καθαρῷ
1155 668 1185 726 τὲ
1214 659 1276 725 ἐστι
1304 665 1355 725 καὶ

288 765 374 842 ἐκτὸς
397 766 572 853 ἀνθρώπων.
596 769 772 853 Tanagram
795 769 886 834 sitam
903 769 997 835 fnisse
1019 769 1050 834 in
1069 769 1195 835 deiectis
1214 769 1354 852 partibus

289 874 372 940 haud
393 875 440 939 ita
462 874 520 939 alti
544 875 641 954 collis,
672 875 758 940 cuius
782 876 914 941 alterum
944 875 1075 961 gradm
1100 875 1274 960 Tanagraei
1295 876 1355 959 ipsi

286 982 464 1063 incolerent,
480 983 614 1048 alterum
626 981 674 1047 illi
685 982 911 1066 superpositum
923 1001 1010 1049 sacra
1022 983 1161 1050 aedificia
1172 983 1353 1062 obtinerent,

286 1088 451 1157 ostendunt
466 1088 614 1173 reliquiae
630 1091 806 1156 etiamnunc
821 1091 1011 1173 conspicuae.
1034 1091 1072 1161 cf.
1090 1091 1227 1158 Ulrichs.
1243 1091 1266 1160 1.
1282 1090 1304 1158 l.
1321 1091 1354 1156 ΙΙ

286 1216 316 1279 ρ.
334 1197 387 1274 69,
411 1197 502 1263 Burs.
526 1197 549 1260 1.
572 1197 594 1263 l.
620 1197 634 1262 l
658 1200 781 1279 ρ.727.

355 1303 382 1367 V
408 1305 496 1384 13‚7
520 1300 661 1375 Πέλοπος
690 1303 723 1366 δέ
752 1301 783 1367 ἐν
813 1301 930 1388 Σιπῦλῳ
959 1307 1012 1389 μὲν
1041 1307 1149 1390 θρόνος
1179 1301 1208 1367 ἐν
1238 1314 1354 1392 κορυφῇ

286 1419 336 1474 τοῦ
360 1408 447 1494 ὄρους
463 1407 538 1473 ἐστὶν
561 1407 647 1494 ὑπὲρ
671 1421 725 1497 τῆς
741 1409 921 1499 Πλαστήνης
937 1413 1049 1498 μητρὸς
1071 1413 1108 1474 τὸ
1131 1408 1234 1494 ἱερόν.
1259 1411 1354 1493 scrip·

286 1520 389 1584 turam
405 1501 585 1605 Πλαστήνης
600 1519 629 1582 in
647 1518 789 1584 omnibus
803 1518 891 1584 libris
902 1521 1024 1601 praeter
1036 1518 1090 1597 La,
1108 1519 1160 1600 qui
1172 1517 1355 1606 Πλαστάνης

286 1623 422 1704 exhibet,
446 1624 611 1704 traditam,
635 1625 688 1690 sed
711 1625 805 1690 variis
827 1625 965 1690 virorum
988 1626 1150 1691 doctorum
1173 1625 1355 1691 coniecturis

287 1732 507 1813 attemptatam
522 1750 646 1813 prorsus
661 1731 873 1815 incorruptam
889 1750 1054 1814 sanamque
1069 1750 1133 1797 esse
1149 1730 1258 1797 docent
1274 1731 1352 1797 duae

285 1837 499 1919 inscriptiones
522 1836 623 1916 haece,
648 1857 727 1904 anno
755 1839 839 1903 1887
863 1838 957 1903 horae
980 1838 1144 1904 intervallo
1161 1857 1179 1902 a
1195 1836 1354 1922 Magnesia

286 1944 435 2009 orientem
459 1963 566 2010 versus
589 1945 628 2010 sd
644 1944 784 2029 Sipylum
810 1947 946 2010 montem
971 1964 1063 2029 supra
1086 1945 1196 2010 Hermi
1218 1944 1354 2009 fluminis

285 2051 445 2133 planitiem
477 2052 617 2118 effossae:
648 2049 839 2139 Μητροδώρα
861 2048 1000 2116 Ἀπολλᾰ
1032 2049 1131 2138 Μητρὶ
1158 2048 1354 2138 Πλαστήνη

285 2154 376 2245 εὐχήν
386 2157 439 2243 132)
474 2160 505 2223 et
534 2156 634 2245 Μητρὶ
663 2161 743 2223 θεῶν
776 2158 983 2245 Πλαστήνη
1019 2156 1197 2242 Καλβεὶσιος
1228 2153 1355 2245 Ὀρφεὺς

286 2263 434 2352 ἀνέθηκεν
445 2265 510 2351 ¹³³).
535 2266 673 2349 quaestio
698 2269 812 2345 autem,
836 2285 913 2349 quae
929 2268 997 2332 erat
1012 2266 1049 2331 de
1064 2266 1140 2342 loco,
1165 2282 1224 2347 quo
1241 2264 1353 2329 solium

285 2373 407 2456 Pelopis
430 2377 565 2457 positum
596 2373 719 2453 luisset,
750 2376 907 2458 persoluta
930 2377 977 2440 est
1012 2393 1030 2440 a
1055 2373 1089 2440 Ο.
1113 2373 1279 2439 Humanno
1289 2372 1354 2458 184),

286 2480 372 2547 cuius
395 2480 432 2546 de
456 2499 492 2546 ea
515 2500 548 2547 re
571 2481 799 2548 observationes
819 2481 914 2550 etiam
931 2481 985 2547 alii
1000 2481 1060 2546 viri
1075 2480 1157 2546 docti
1173 2479 1349 2563 comproba·

287 2591 399 2654 verunt
408 2588 471 2673 181).
503 2588 604 2654 verbis
627 2586 656 2652 ἐν
679 2585 798 2673 Σιπὺλῳ
821 2589 903 2655 enim
927 2588 1095 2655 Pausanias
1124 2607 1194 2654 eum
1217 2589 1354 2654 montem

286 2695 451 2780 significat,
475 2695 528 2778 qui
551 2697 711 2779 tamquam
734 2716 841 2762 murus
863 2697 1030 2762 immensus
1054 2714 1145 2779 super
1161 2694 1354 2779 Magnesiam

286 2821 449 2887 assurgens
479 2803 601 2886 proprie
634 2802 757 2888 Sipylus
786 2803 826 2869 ab
856 2803 991 2886 antiquis
1021 2801 1231 2888 vocatur¹³⁰)‚
1262 2802 1356 2867 verba

286 2912 391 2974 antem
415 2907 444 2973 ἐν
468 2921 585 2997 κορορη
609 2920 659 2975 roo
683 2909 769 2999 ὄρους
792 2929 861 2991 non,
885 2914 922 2978 ut
945 2911 1083 2977 nonnulli
1102 2911 1294 2988 censuerunt,
1318 2908 1355 2973 de

289 3034 411 3083 summo
427 3017 518 3082 huius
535 3018 649 3085 montis
673 3018 786 3084 vertice
808 3018 1015 3102 intellegenda
1038 3022 1121 3100 snut,
1145 3017 1196 3082 sed
1220 3015 1256 3082 de
1281 3034 1355 3081 uno

286 3123 456 3192 culminum
488 3124 567 3203 eius,
599 3125 680 3207 quod
703 3125 741 3189 ab
765 3125 907 3191 orientali
931 3124 1109 3210 Magnesiae
1136 3124 1233 3189 latere
1260 3123 1353 3202 laelii,

287 3252 377 3316 quem
401 3233 586 3299 Humannus
610 3253 664 3316 pro
689 3233 778 3299 Saloe·
802 3253 820 3298 a
843 3233 944 3298 Plinio
969 3253 998 3302 n.
1022 3233 1053 3297 h.
1078 3233 1105 3297 V
1133 3235 1194 3299 117
1219 3232 1250 3298 et
1273 3231 1356 3295 Pau-

287 3341 371 3408 sania
395 3341 457 3405 VII
489 3344 541 3420 24,
569 3345 608 3407 13
640 3344 881 3408 commemorata
910 3340 1019 3419 habet,
1050 3340 1204 3405 imminet.
1235 3337 1267 3403 in
1297 3337 1356 3404 hoc

286 3448 421 3514 culmine
454 3449 639 3514 Humannus
671 3448 785 3515 solium
820 3449 972 3534 repperit,
1008 3452 1040 3513 et
1074 3446 1197 3530 quidem
1231 3465 1357 3529 supra

359 3679 407 3748 ¹³¹)
427 3679 473 3735 Sic
492 3696 506 3735 e
525 3697 589 3735 corr.
609 3680 704 3750 Belrlr.;
726 3677 810 3751 αὐτῆς
830 3679 888 3734 Vab
906 3680 934 3734 II
953 3679 991 3734 Pc
1008 3678 1053 3748 Ag
1071 3677 1137 3734 Lab.

359 3768 406 3842 ¹⁸²)
425 3770 496 3826 Bull.
516 3769 548 3826 (la
566 3787 675 3841 corresp.
696 3770 758 3825 hell.
778 3771 817 3824 Xl
837 3767 931 3841 (1887)
949 3787 975 3840 p.
989 3770 1041 3824 800
1053 3785 1101 3839 sq,
1121 3767 1187 3823 Ath.
1205 3767 1278 3823 Ilitt.
1298 3765 1353 3821 XII

287 3859 381 3928 (1887)
398 3877 424 3929 p.
438 3859 500 3914 771.

359 3947 405 4016 ¹⁸⁸)
424 3947 489 4003 Ath.
508 3948 582 4006 Mitt.
601 3949 618 4007 1
639 3966 660 4004 c.
679 3966 706 4019 p.
721 3948 782 4011 753,
797 3949 838 4006 17.

360 4036 394 4071 ¹⁸⁴
396 4052 406 4105 )
426 4036 486 4093 ‘Die
495 4038 691 4108 Tantalosbnrg
701 4038 719 4093 i.
730 4035 852 4108 Sipylos,
864 4037 929 4092 tuh.
939 4037 1013 4091 Mitt.
1024 4036 1095 4091 XIII
1110 4034 1203 4106 (1888)
1215 4053 1241 4106 p.
1252 4034 1286 4088 77
1297 4051 1357 4104 sqq.

361 4126 407 4197 ¹⁸⁶)
426 4126 466 4183 cf.
485 4128 503 4181 l.
522 4145 544 4183 c.
562 4145 587 4197 p.
602 4128 644 4182 37.

361 4216 405 4286 ¹⁸⁰)
426 4215 467 4272 cf.
486 4217 504 4271 l.
524 4233 545 4271 c.
564 4233 590 4287 p.
604 4217 638 4270 76
651 4233 690 4287 sq.
