3134 4964
671 501 892 563 ..69-

248 695 299 772 26,
318 695 338 757 4
362 690 569 777 Νεοπτόλεμον
591 692 623 755 δὲ
639 696 726 777 μόνον
742 700 792 755 τοῦ
807 688 981 778 Ἑλληνικοῦ
1005 693 1163 779 φονεὺοντοι
1186 690 1227 756 ἔτι
1243 693 1311 765 τοὺς

247 797 353 883 Τμωοις
376 795 509 885 ἐποίησεν
525 795 541 862 ὁ
558 797 760 879 Πολὺγνωτος,
784 796 826 862 ὅτι
849 795 934 881 ὑπὲρ
957 807 1007 862 τοῦ
1022 796 1234 885 Νεοπτολέμου
1254 802 1311 863 τὸν

247 910 356 993 τάμον
379 903 399 992 ἡ
422 909 522 993 γραφὴ
546 916 627 969 πᾶσα
650 904 771 991 ἔμελλεν
795 902 873 990 αὐτῷ
896 906 1092 993 perdocetur:
1124 907 1155 971 in
1184 909 1313 990 utroque

247 1014 314 1078 loco
337 1011 415 1078 situs
431 1013 566 1079 Leschae
582 1012 749 1096 Delphicae
773 1013 832 1091 vel,
857 1012 937 1095 quod
957 1012 1038 1078 idem
1055 1016 1111 1092 est,
1135 1014 1313 1080 tabularum

247 1120 278 1184 in
302 1119 359 1183 hoc
386 1118 524 1184 aedificio
555 1118 772 1202 aPolyguoto
803 1119 956 1202 pictarum
986 1120 1210 1202 praepositione
1240 1117 1312 1206 ὑπὲρ

248 1244 319 1290 cum
342 1243 403 1289 acc.
428 1243 503 1290 nexa
527 1224 786 1311 describitur¹⁶³).
811 1245 871 1308 qua
894 1225 1016 1307 quidem
1037 1228 1192 1293 notionem
1217 1223 1314 1293 ‘ober-

248 1329 331 1397 lralb’
354 1331 503 1396 contineri
527 1351 597 1396 cum
621 1334 733 1397 natura
756 1333 835 1397 sacri
858 1333 988 1415 periboli
1011 1333 1064 1415 qui
1087 1333 1201 1399 dicitur
1218 1334 1314 1416 Apol-

248 1438 393 1524 linis¹⁵⁴),
417 1441 487 1503 tum
509 1438 600 1517 ratio,
625 1457 685 1521 qua
707 1440 822 1522 templo
838 1439 991 1522 Apollinis
1014 1442 1173 1522 conspecto
1196 1443 1314 1506 ceterae

249 1564 296 1611 res
319 1564 336 1609 a
361 1545 516 1629 periegeta
538 1544 781 1628 perlustrantur,
814 1546 933 1627 probat.
966 1566 982 1611 e
1012 1547 1129 1629 templo
1153 1547 1233 1612 enim
1256 1547 1315 1612 hoc

253 1671 393 1736 egressus
424 1652 463 1717 ad
487 1652 607 1717 laevam
632 1651 795 1718 deflectens
817 1652 1016 1735 Neoptolemi
1040 1653 1221 1736 sepulcrum
1246 1652 1315 1718 adit

249 1758 356 1825 deinde
379 1757 516 1824 ascendit
532 1758 570 1823 ad
586 1758 712 1823 Saturni
735 1758 946 1845 lapidem¹⁶⁶),
971 1762 1040 1824 tum
1058 1779 1162 1825 rursus
1179 1759 1218 1824 ad
1233 1763 1314 1826 tem-

248 1867 335 1949 plum
359 1885 463 1931 versus
493 1866 654 1950 degressus
664 1865 717 1951 156)
748 1866 864 1932 iterum
893 1866 1030 1932 ascendit
1062 1867 1100 1932 ad
1123 1867 1314 1934 Oassotidem

248 1974 365 2038 fontem
374 1972 444 2059 157);
468 1968 539 2056 ὑπὲρ
558 1976 610 2058 τὴν
626 1970 800 2036 Κασσοτίδα
823 1976 927 2039 autem
944 1974 1077 2041 Lesohen
1101 1977 1229 2057 spectat,
1254 1993 1315 2056 qua

249 2083 387 2163 spectata
420 2081 578 2146 theatmm
609 2080 781 2145 admirator
810 2083 841 2146 et
871 2079 979 2146 relicto
1003 2080 1155 2164 Apollinis
1178 2081 1315 2164 peribolo

250 2187 387 2270 pervenit
403 2187 441 2252 ad
453 2187 587 2253 stadium
604 2186 758 2270 superiore
770 2187 836 2252 loco
853 2187 949 2252 situm
958 2187 1025 2273 1⁶⁸);
1043 2187 1170 2270 denique
1186 2207 1211 2255 ο.
1226 2191 1279 2271 32,
1295 2191 1314 2254 2

249 2315 404 2361 summum
426 2293 458 2359 in
481 2295 651 2360 Parnasum
675 2314 706 2361 se
730 2295 856 2362 confert.
882 2314 955 2377 ergo
973 2295 1011 2360 ab
1027 2295 1170 2361 inferiore
1193 2296 1260 2362 loco
1276 2295 1315 2360 ad

250 2402 437 2487 superiorem
453 2403 578 2488 migrat.
594 2403 657 2467 iam
674 2421 744 2468 uero
761 2402 833 2486 quid
845 2401 1041 2486 praepositio,
1059 2402 1095 2468 de
1110 2422 1171 2487 qua
1182 2405 1314 2487 agimus,

253 2509 372 2576 ‹luobus
387 2511 435 2577 his
451 2511 525 2576 loeis
541 2510 715 2594 significare
731 2513 833 2592 potest
848 2510 907 2575 nisi
923 2506 1107 2577 ‘uberhalb’a
1130 2513 1212 2577 certe
1231 2511 1315 2577 notio

250 2613 393 2701 ‘jenseits’
424 2616 512 2698 plane
542 2636 621 2701 uaga
644 2620 740 2696 esset,
779 2617 924 2701 quoniam
956 2617 1053 2683 altero
1086 2618 1152 2682 loco
1184 2617 1316 2700 scriptor

252 2724 338 2789 uobis
350 2724 500 2805 explicare
513 2723 626 2802 studet,
643 2744 703 2806 qua
715 2724 752 2789 de
764 2743 854 2791 causa
866 2724 1059 2809 Polygnotus
1071 2743 1166 2789 rmum
1179 2724 1315 2791 omnium

252 2828 441 2896 Graecorum
465 2831 703 2914 Neoptolemum
725 2832 873 2897 Troianos
897 2832 992 2897 etiam
1015 2831 1220 2898 trucidantem
1247 2832 1315 2914 piu-

254 2939 341 3004 nerit.
365 2957 463 3020 neque
476 2956 556 3016 vero,
574 2957 643 3003 cum
656 2940 729 3004 haec
742 2939 835 3005 verba
850 2941 935 3018 facit,
951 2940 1035 3006 ultra
1051 2940 1225 3023 sepulcrum
1241 2938 1315 3016 eius,

252 3045 303 3111 sed
332 3046 436 3128 potius
459 3046 538 3111 citra
568 3050 631 3124 est,
664 3047 774 3129 quippe
805 3048 857 3129 qui
887 3047 917 3110 in
941 3046 1008 3130 ipsa
1031 3047 1144 3114 Lesche
1167 3050 1315 3113 versetur.

251 3182 464 3190 ———--

324 3258 368 3328 ¹⁶³)
387 3259 457 3313 Mira
476 3261 516 3314 est
534 3258 612 3324 ratio,
635 3275 687 3328 qua
706 3258 855 3313 Welclrerus
878 3260 962 3314 locum
982 3260 1007 3312 X
1026 3259 1100 3325 26,4
1118 3259 1260 3329 explicavit
1279 3259 1315 3328 (ν.

252 3364 330 3418 supra
348 3365 373 3418 p.
388 3345 429 3419 2);
449 3347 481 3403 de
499 3348 551 3403 loci
570 3347 724 3404 definitione
742 3349 797 3404 sola
816 3350 862 3419 agi
879 3350 932 3404 iam
946 3348 1111 3405 Schubartus
1124 3349 1316 3404 demonstravit

252 3436 390 3507 (Zeitschr.
410 3436 428 3491 i.
448 3436 473 3491 d.
493 3437 711 3495 Altertumswiss.
732 3437 800 3492 1855
818 3455 843 3508 p.
857 3438 922 3508 4123
942 3437 974 3492 ef.
988 3439 1070 3493 etiam
1090 3440 1247 3509 apparatum
1267 3437 1316 3492 cri·

251 3528 335 3581 ticum
354 3525 465 3581 editioni
484 3527 541 3582 eius
560 3527 754 3597 praemissum).

325 3615 368 3682 154)
389 3614 430 3671 Cf.
449 3616 473 3670 X
492 3615 545 3681 ul
567 3614 680 3687 Δελμοῖς
701 3614 727 3667 δὲ
741 3615 760 3688 ἡ
775 3614 848 3678 πόλις
869 3614 1001 3678 ἄναντες
1021 3614 1062 3668 διὰ
1077 3616 1164 3687 πάοης
1179 3615 1317 3686 παρέχεται

253 3710 353 3775 σχῆμα·
374 3707 442 3756 πατὰ
461 3707 493 3756 τὰ
512 3702 580 3757 αὔτα
600 3703 626 3757 δὲ
645 3711 676 3774 τῇ
697 3703 770 3757 πόλει
788 3711 820 3775 τῇ
841 3704 913 3776 ἄλλῃ
933 3706 976 3757 παὶ
994 3706 1007 3757 ο
1028 3704 1096 3776 ἱερὸς
1116 3703 1253 3777 περίβολος
1271 3711 1316 3756 τοῦ

253 3791 436 3855 Ἀπόλλωνος.
457 3786 533 3856 cioca
553 3792 580 3845 δὲ
599 3795 705 3865 μεγέθει
724 3795 803 3864 μένας
822 3796 865 3846 παὶ
884 3794 1035 3846 ἀνωτάτω
1055 3801 1099 3846 τοῦ
1119 3792 1220 3856 ‘inrecte
1239 3793 1299 3848 ἐστι.

326 3882 373 3950 ¹⁶⁶)
393 3880 433 3936 Cf.
453 3882 477 3936 X
496 3883 568 3947 24,6
588 3881 740 3951 ἐπαναβάντι
760 3882 787 3934 te
807 3883 856 3935 ἀπὸ
876 3889 921 3935 τοῦ
942 3883 1087 3956 μνήματος.

327 3969 373 4037 ¹⁶⁶¹)
393 3968 433 4024 Cf.
448 3975 463 4038 ξ
479 3975 493 4025 7
507 3969 575 4023 iotae
589 3969 616 4022 te
631 3971 667 4033 ὡς
681 3971 720 4023 ἐπὶ
734 3973 775 4024 τὸν
789 3974 848 4024 ναὸν
868 3968 946 4034 αὖθις
960 3973 1026 4042 μετὰ
1039 3980 1083 4025 τοῦ
1094 3971 1172 4024 λίθου
1184 3971 1232 4042 τὴν
1242 3972 1316 4025 θέαν.

326 4057 371 4127 ¹⁶⁷)
390 4057 430 4115 Cf.
449 4059 516 4114 ibid.
535 4059 555 4131 ἡ
575 4057 668 4122 ἄνοδος
689 4060 727 4112 ἐπὶ
745 4062 792 4133 τὴν
812 4061 908 4133 πηγὴν.

326 4147 372 4218 ¹⁶⁸)
391 4146 432 4202 Cf.
452 4165 472 4202 c.
492 4150 560 4214 32,l
585 4148 744 4219 ἐπαναβάντι
763 4148 790 4202 δὲ
810 4150 838 4202 ἓν
856 4157 902 4202 τοῦ
922 4149 1060 4221 περιβόλου
1075 4154 1150 4216 cett.;
1170 4149 1270 4202 στάδιον
1283 4179 1318 4189 -

254 4235 381 4290 ἀνωτάτω
400 4244 449 4308 τῆς
469 4236 580 4301 πόλεως.
