3134 4964
682 449 902 511 -51..

690 641 887 724 Exempla.

321 794 471 872 1115‚3
502 795 553 855 καὶ
583 791 653 877 όρος
674 788 808 863 Ἀπέσας
837 788 911 855 ἐστίν
941 787 1032 875 όπέρ
1061 795 1126 879 τὴν
1155 789 1318 877 Νεμέαν.

254 900 292 969 cf.
317 900 403 966 ouo.
427 901 449 966 1.
473 919 500 966 o.
523 901 556 965 ιι
579 919 609 982 p.
629 901 702 980 τοι,
728 901 816 966 nors.
840 901 863 967 l.
887 919 913 965 o.
937 899 972 964 ιι
994 919 1024 982 p.
1041 903 1095 967 35.
1189 883 1192 889 “

320 1017 382 1083 VII
405 1020 458 1095 27,
477 1019 515 1082 ll
540 1017 668 1102 ποταμοί
691 1017 722 1080 δέ
739 1013 773 1079 έκ
788 1027 843 1080 τῶν
859 1013 934 1099 ἀρῶν
949 1020 1143 1101 κατέρχονται
1158 1026 1213 1081 τῶν
1232 1012 1317 1101 ὑπὲρ

253 1128 313 1212 τὴν
325 1122 529 1212 Πελλήνην,
546 1125 663 1190 seilicel
675 1123 789 1209 Sythas
801 1144 818 1188 e
831 1123 967 1208 Cyllene,
981 1123 1098 1191 Criuse
1115 1122 1317 1209 Chelydorea.

252 1231 291 1296 of.
317 1231 404 1297 Curi.
427 1230 449 1297 l.
474 1250 500 1296 o.
525 1231 540 1295 Ι
563 1251 593 1314 p.
612 1232 677 1298 479
693 1251 750 1315 ομ,
774 1232 865 1296 Burs.
888 1232 910 1296 l.
935 1250 962 1296 ο.
986 1231 1018 1296 ll
1041 1252 1071 1315 p.
1096 1232 1193 1315 314.-

319 1347 397 1412 VIII
422 1348 511 1425 18,7
543 1342 627 1430 ὑπὲρ
651 1347 684 1410 δέ
706 1349 767 1432 την
789 1343 975 1430 Νώνακριν
1003 1343 1059 1432 ὄρη
1089 1369 1119 1409 τε
1149 1332 1318 1431 καλοόμενα

252 1451 396 1538 Ἀροάνια
418 1456 469 1517 καὶ
492 1454 635 1541 σπήλαιόν
651 1450 727 1517 ἐστιν
743 1451 772 1519 έν
788 1451 895 1525 αὐτοῖς.
920 1454 957 1520 σί.
976 1452 1062 1520 Curi.
1079 1453 1100 1520 l.
1118 1472 1144 1518 e.
1162 1454 1177 1518 I
1193 1473 1223 1536 p.
1243 1447 1316 1530 197,

253 1561 640 1644 ΜωλωΠμΝ2
848 1633 851 1638 ,

319 1676 349 1740 X
371 1678 460 1755 36‚7
491 1679 528 1739 τὰ
552 1675 584 1739 δέ
606 1674 662 1764 όρη
690 1679 726 1741 τὰ
755 1673 840 1760 όπέρ
870 1679 930 1763 τὴν
953 1672 1160 1760 Ἀντίκοραν
1183 1675 1322 1763 πετρώδη

251 1805 282 1846 τε
305 1779 379 1864 ἀηαν
402 1779 461 1846 ἐστί
484 1785 557 1851 cett.
581 1783 621 1849 ef.
645 1785 735 1851 Burs.
758 1785 781 1850 l.
805 1803 831 1853 ο.
856 1783 873 1848 I
895 1803 926 1866 p.
945 1785 1007 1850 182
1024 1803 1069 1867 sq.

317 1898 447 1981 Ι41,2
480 1896 613 1964 ἐντεῦθεν
643 1897 738 1963 ὁτῶν
761 1896 923 1985 ἐπιχωρίων
953 1895 1021 1986 ἡμῖν
1049 1895 1195 1986 ἐξηγητὴς
1217 1895 1317 1985 θηεῖτο

252 2004 284 2080 ἐς
306 2010 414 2094 χωρίον
437 2003 522 2072 Ῥοῦν
545 2030 597 2054 -·
627 2009 718 2093 τοιόιη
741 2011 796 2090 γὰρ
819 2003 899 2092 ὕδωρ
922 2009 991 2070 ποτέ
1014 2003 1049 2070 έκ
1071 2017 1127 2070 των
1156 2002 1231 2090 ὀρῶν
1261 2017 1317 2071 των

251 2109 335 2200 ὑπέρ
359 2117 419 2203 τὴν
441 2115 542 2180 πόλιν
559 2114 714 2203 (Megara)
730 2111 843 2200 ῥοηνσιι.
867 2115 906 2179 es.
924 2114 1013 2179 Burs.
1030 2114 1051 2178 l.
1070 2133 1095 2181 e.
1115 2114 1173 2197 [p.
1190 2114 1255 2180 375
1271 2134 1316 2197 sq.

317 2230 476 2314 1x23,7
505 2235 542 2294 τὰ
566 2229 621 2318 ὄρη
644 2234 681 2294 τὰ
702 2227 789 2314 ὑπέρ
813 2233 872 2316 τὴν
895 2230 995 2294 πόλιν
1019 2230 1233 2316 (Larymnam)
1258 2226 1316 2295 όων

250 2343 411 2425 παρέχεται
434 2340 533 2426 θήραν
557 2336 673 2423 ἀγρίων,
696 2337 718 2402 i.
735 2356 761 2404 e.
778 2338 849 2404 Ptoi
874 2338 987 2402 montis
1011 2337 1099 2404 rami.
1124 2337 1162 2405 cf.
1180 2337 1314 2404 Ulrichs.

250 2442 341 2514 ‘Reie
366 2468 396 2513 u.
420 2445 556 2516 Forseh?
579 2448 594 2513 Ι
617 2469 647 2532 p.
665 2450 740 2527 232,
764 2450 854 2516 Burs.
879 2449 901 2514 l.
926 2467 951 2514 o.
976 2447 992 2512 Ι
1014 2468 1044 2531 p.
1063 2450 1138 2514 194.

316 2564 348 2629 ΙΙ
372 2565 403 2644 4,
421 2566 440 2630 6
465 2562 574 2628 ἀνιοῦσι
599 2564 631 2627 δέ
654 2561 687 2636 ές
709 2567 757 2627 τὸν
773 2561 1017 2648 Ἀκροκόρινθον,
1034 2562 1054 2652 ἡ
1074 2564 1106 2628 δέ
1129 2561 1204 2629 ἐστιν
1228 2562 1316 2648 ἀροος

249 2668 340 2756 ὑπὲρ
371 2676 436 2760 την
464 2672 575 2736 πόλιν
606 2671 815 2761 (Corinthum)
845 2678 962 2760 κορομή
992 2674 1064 2739 oeli.
1097 2673 1134 2738 ul
1164 2670 1215 2737 hio
1244 2667 1315 2755 ὑπέρ

249 2779 473 2865 praepositione
495 2800 565 2845 eum
588 2799 688 2847 eorus.
712 2781 865 2863 copulata,
894 2783 939 2846 ite
962 2780 994 2845 ll
1020 2782 1086 2859 1‚6
1116 2779 1222 2846 eedem
1245 2799 1315 2846 oum

249 2889 351 2972 genet.
375 2886 538 2954 ooniuneta
562 2886 777 2954 Aoroeorinihi
800 2887 879 2952 situs
909 2887 1106 2953 describitur:
1137 2890 1189 2972 τὴν
1220 2885 1315 2972 ἄκραν

249 2996 300 3079 την
323 2989 414 3078 ὑπέρ
437 3003 508 3080 της
530 2994 682 3067 πόλεως
705 2993 886 3080 (Corinthi).
911 2993 1014 3059 confer
1029 2991 1134 3059 Strab.
1151 2993 1228 3057 VIII
1245 2997 1276 3072 4,
1294 2994 1314 3059 8

249 3096 269 3187 ἡ
300 3099 332 3163 δέ
359 3098 531 3188 Μεσσηνίων
561 3101 645 3173 πόλις
674 3099 752 3165 ἔοικε
776 3098 926 3184 Κορίνθῳ·
956 3095 1147 3183 ὑπέρκειται
1176 3102 1232 3184 γὰρ
1262 3109 1316 3187 της

249 3209 365 3280 πόλεως
380 3203 526 3293 ἑκατέρας
540 3206 610 3292 ὄρος
624 3204 737 3296 ὑψηλὸν
752 3210 804 3271 καί
823 3206 970 3293 ἀπότομον
994 3245 1048 3284 -,
1072 3203 1141 3270 ὥστ’
1157 3203 1316 3290 ἀκροπόλει

248 3317 393 3402 χρῆσθαι,
426 3318 457 3379 τὸ
489 3318 541 3400 μέν
570 3317 752 3400 καλοόμενον
784 3312 910 3401 Ἰθώμη,
942 3316 976 3377 τό
1006 3314 1038 3376 δέ
1061 3309 1314 3397 Ἀκροκόρινθος;

249 3421 329 3487 VIII
345 3424 375 3502 6,
392 3425 430 3489 21
451 3420 522 3507 ὄρος
536 3419 646 3509 ὑψηλόν
663 3461 706 3469 -
722 3419 764 3495 εἰς
779 3419 874 3496 ὀξεῖαν
889 3423 1008 3505 τελευτᾷ
1023 3425 1164 3509 κορυφήν·
1182 3421 1315 3484 καλεῖται

249 3529 281 3592 δέ
296 3526 541 3614 Ἀκροκόρινθος,
565 3526 598 3593 oi)
614 3532 646 3616 τό
661 3533 713 3616 μέν
729 3533 803 3614 πρὸς
818 3527 923 3615 ἄρκτον
942 3533 1032 3614 μέρος
1048 3525 1107 3591 ἐστὶ
1129 3530 1163 3591 τό
1187 3528 1315 3612 μάλιστα

248 3634 361 3720 όρθιον,
385 3633 444 3725 ὑφ’
468 3635 492 3721 ᾧ
514 3645 607 3701 κεῖται
622 3634 642 3724 ἡ
659 3636 744 3709 πόλις
760 3634 807 3700 ἐπὶ
822 3636 1027 3720 τραπεζόδοος
1050 3632 1187 3698 έπιπέδοο
1203 3638 1315 3720 χωρίοο

247 3746 321 3826 πρὸς
336 3741 410 3828 αὐτῇ
425 3754 462 3828 τη
478 3740 542 3829 ρίζη
558 3753 609 3807 τοῦ
625 3739 875 3829 Ἀκροκορίνθοο;
894 3743 980 3810 Curi.
998 3743 1019 3808 l.
1037 3762 1063 3808 e.
1079 3743 1112 3807 II
1127 3762 1158 3825 p.
1176 3743 1240 3807 523
1257 3760 1313 3824 sq.‚

247 3850 643 3933 fflmlossp9m

314 3965 361 4031 IX
384 3967 437 4044 41,
455 3967 475 4031 6
497 3963 605 4041 ἔστιδὲ
628 3961 720 4052 irrep
741 3969 807 4051 τὴν
830 3967 940 4029 πόλιν
955 3964 1193 4052 (Chaeroneam)
1216 3984 1315 4051 κρημ-

246 4074 297 4145 νὸς
320 4070 477 4159 Πετραχὸς
500 4073 692 4157 καλοόμενος.
717 4073 756 4136 ef.
781 4073 915 4138 UlriehS.
939 4073 961 4138 l.
986 4091 1012 4138 e.
1036 4073 1051 4137 I
1076 4091 1104 4154 p.
1123 4074 1197 4151 158,
1222 4071 1311 4137 Bure.

247 4180 269 4244 l.
293 4198 319 4244 ο.
344 4179 360 4244 Ι
382 4199 412 4266 p.
430 4180 505 4246 205.

1098 4303 1136 4356 4*
