3134 4964
674 432 895 493 ...iffi-..r

250 626 335 702 sunt,
366 643 437 689 vera
460 627 564 689 autem
588 623 679 689 lectio
702 627 779 687 κατὰ
803 627 835 687 τὸ
858 622 927 710 ὄρος
953 624 986 688 in
1009 624 1149 708 margine
1172 625 1318 690 adnotata
1360 657 1363 662 ’

250 733 297 797 est
320 751 355 797 ex
378 731 439 797 alio
462 751 556 815 eoque
583 731 710 797 meliore
739 731 840 796 codice
870 731 958 796 nohis
988 750 1048 797 non
1078 734 1214 809 se1·vato;
1245 750 1317 796 nem

250 839 434 922 archetypus
450 840 625 904 nostrorum
642 838 783 904 codicum
800 838 949 904 varietate
967 838 1134 905 lectionum
1149 839 1317 904 instructus

250 944 393 1031 erat¹⁰³).
417 945 479 1009 iarn
503 964 574 1010 vero
598 944 650 1028 qui
673 946 802 1023 noverit,
827 965 888 1029 qua
906 945 1070 1012 rationein
1087 963 1147 1010 uno
1163 945 1217 1010 illo
1234 946 1317 1010 fonte

249 1052 414 1118 derivando
438 1050 554 1117 scribae
577 1053 623 1118 usi
647 1051 791 1138 sint¹⁰⁴),
822 1053 989 1118 lectionum
1018 1052 1107 1118 nobis
1131 1053 1316 1117 traditarum

249 1178 355 1225 causas
382 1158 560 1242 perspiciet:
590 1159 707 1225 celires
735 1159 770 1222 M
794 1160 841 1225 Va
864 1160 927 1224 Pod
949 1160 1000 1243 Ag
1024 1160 1088 1225 Lab
1117 1161 1216 1224 solum
1244 1177 1316 1224 con-

249 1269 369 1332 textum
385 1265 555 1332 communis
571 1265 752 1349 exemplaris
767 1268 818 1329 aori
834 1262 904 1350 ὑπὲρ
927 1267 1080 1349 praebent,
1105 1269 1209 1333 contra
1224 1267 1317 1331 codex

249 1374 298 1439 Vh
323 1376 355 1439 et
370 1374 483 1439 Aldina
505 1376 555 1437 καὶ
578 1377 657 1436 κατὰ
680 1372 834 1452 exhibent,
858 1392 988 1456 quorum
1012 1375 1156 1439 nimirum
1180 1377 1317 1439 auctores

249 1486 327 1545 κατὰ
348 1480 533 1564 particulam
549 1480 750 1563 interpolatae
769 1480 894 1545 lectioni
910 1483 961 1545 καὶ
976 1477 1047 1565 ὑπὲρ
1071 1480 1315 1546 substituendam

249 1608 313 1654 esse
329 1608 389 1654 non
404 1588 611 1653 intellexerint
622 1587 688 1673 ¹⁰⁵),
712 1590 820 1653 auctor
840 1587 969 1671 denique
985 1588 1096 1655 codicis
1111 1588 1315 1666 Riccardiani,

249 1695 356 1760 ceteris
380 1695 405 1760 is
429 1695 561 1778 quidem,
586 1697 621 1760 ut
644 1694 752 1759 multis
776 1693 845 1758 aliis
868 1694 954 1773 locis,
978 1696 1023 1760 ita
1038 1695 1088 1761 hic
1105 1715 1225 1779 quoque
1242 1695 1314 1760 dili-

249 1802 386 1886 gentior,
417 1804 449 1866 et
477 1804 528 1864 καὶ
551 1798 623 1886 ὑπὲρ
652 1801 684 1865 in
714 1803 801 1866 textu
831 1800 991 1867 inventum
1021 1806 1052 1868 et
1081 1808 1159 1866 κατὰ
1181 1802 1316 1886 margini

249 1907 439 1992 adscriptum
469 1908 511 1973 sic
541 1908 572 1973 in
606 1908 762 1993 exemplar
794 1927 882 1974 suum
916 1910 1094 1989 transtulit,
1127 1911 1165 1975 ut
1196 1911 1254 1974 hoc
1283 1910 1315 1973 in

248 2016 399 2100 margine,
431 2015 511 2080 illud
533 2016 565 2081 in
589 2018 676 2081 textu
698 2018 836 2100 poneret.
867 2017 1018 2082 elementa
1047 2017 1146 2100 igitur
1174 2017 1212 2082 ad
1234 2016 1316 2080 Pau-

248 2124 351 2188 sanIae
389 2123 561 2188 orationem
599 2123 824 2190 restituendam
862 2125 984 2206 praetor
1021 2123 1168 2188 Aldmam
1207 2142 1315 2207 margo

249 2230 442 2321 lticoardiani
455 2231 486 2296 et
502 2229 594 2295 codex
610 2231 658 2295 Vb
676 2231 807 2296 offerunt
823 2231 929 2297 eodem
945 2229 1046 2309 modo,
1064 2250 1123 2313 quo
1139 2230 1199 2296 Vll
1216 2233 1269 2310 23,
1285 2233 1315 2309 8,

248 2337 301 2402 ubi
324 2336 356 2400 hi
372 2336 495 2419 quidem
518 2339 600 2401 recte
616 2333 686 2399 εἶναι
702 2337 854 2417 exhibent,
879 2357 949 2403 oum
966 2337 1000 2402 M
1015 2338 1063 2402 Va
1078 2337 1121 2403 Po
1137 2339 1188 2421 Ag
1204 2336 1269 2403 Lab
1287 2339 1316 2402 R

248 2440 283 2530 ἠν
312 2443 548 2526 praebeant¹⁰⁶).
581 2445 673 2526 atque
708 2444 869 2509 coufirmat
902 2445 953 2510 hic
989 2463 1080 2527 quem
1114 2447 1316 2512 tractavimus

247 2549 332 2614 locus
355 2550 401 2630 id,
430 2549 596 2633 quodiam
620 2548 809 2617 Schuhautus
833 2553 864 2616 et
887 2550 1087 2636 Walzius¹⁰⁷)
1119 2552 1315 2631 monuerunt,

248 2657 382 2721 codicem
409 2657 454 2723 Vb
478 2659 509 2722 et
533 2656 698 2723 editionem
723 2658 884 2738 Aldinam,
909 2677 1095 2742 quamquam
1116 2659 1315 2741 interpolata,

248 2767 352 2830 tamen
369 2783 598 2848 nonnumquam
616 2765 780 2848 genuinam
796 2765 959 2831 lectionem
983 2769 1038 2832 aut
1060 2768 1142 2832 certe
1165 2767 1315 2849 genuinae

248 2871 380 2955 uestigia
403 2891 549 2938 servasse.
583 2873 752 2939 Amasaeus
780 2877 902 2952 autem,
934 2873 986 2957 qui
1016 2873 1110 2939 vertIt
1132 2869 1255 2938 ‘trames
1278 2874 1315 2952 io,

249 2977 301 3061 qni
325 2978 362 3042 ab
379 2977 485 3062 Hysiis
508 2978 622 3044 iuxta
643 2978 843 3045 Parthenium
867 2982 1004 3045 montem
1028 2980 1059 3045 iu
1076 2999 1183 3065 agrum
1201 2980 1316 3064 Tegea·

251 3084 348 3150 ticum
371 3081 529 3167 pervadit',
554 3089 609 3151 aut
631 3085 788 3170 integrum
803 3087 905 3152 locum
929 3089 1000 3153 aute
1016 3087 1119 3152 oculos
1135 3086 1246 3151 habuit
1262 3089 1316 3152 aut

247 3197 297 3257 καὶ
326 3198 404 3258 κατά
433 3194 530 3279 logit;
560 3196 618 3261 hoc
648 3215 718 3261 vero
747 3195 772 3260 si
802 3196 898 3281 legib,
928 3199 979 3259 καί
1009 3199 1045 3260 ut
1074 3195 1113 3261 ad
1145 3195 1315 3261 versionem

247 3301 391 3366 Latinam
415 3320 476 3367 nou
500 3305 607 3386 aptum
631 3303 852 3386 praetermisit.
877 3306 1015 3369 ceterum
1039 3299 1142 3368 ‘iuxta’
1165 3302 1316 3386 particula

246 3413 324 3472 κατὰ
340 3428 398 3475 non
414 3409 506 3488 valet,
522 3409 574 3474 sed
590 3406 674 3475 ‘riber
690 3447 733 3456 -
749 3407 864 3491 hinab’,
881 3410 967 3476 velut
984 3410 1029 3474 lX
1049 3413 1101 3487 13,
1117 3412 1135 3474 7
1152 3413 1204 3495 rip
1224 3411 1316 3471 κατὰ

247 3518 295 3580 τὸν
311 3513 488 3598 Κιθαιρῶνα
507 3513 631 3604 ἐσβολήν
654 3516 707 3602 (cf.
724 3517 802 3582 Xon.
819 3516 903 3583 Bell.
920 3517 948 3581 V
964 3518 995 3592 4,
1013 3518 1055 3582 47
1079 3527 1133 3602 τῆς
1155 3518 1249 3578 κατὰ
1267 3517 1316 3577 τὸν

247 3621 422 3708 Κιθαιρῶνα
450 3620 549 3708 ὁδοῦ);
573 3623 654 3688 VIII
672 3626 723 3703 16,
742 3627 757 3689 l
791 3621 826 3686 ἐκ
850 3624 882 3687 δὲ
905 3622 1017 3687 Φενεοῦ
1041 3625 1114 3706 πρὸς
1142 3619 1225 3707 ἥλιον
1246 3619 1316 3685 ἰόντι

319 3817 363 3885 ¹⁰³)
384 3817 424 3874 CI.
443 3819 462 3872 l.
481 3835 502 3873 c.
522 3818 534 3873 l
553 3836 579 3888 p.
592 3819 715 3874 XXXIV.

319 3906 364 3977 ¹⁰⁴)
383 3906 424 3964 Oi.
443 3909 461 3962 l.
481 3924 503 3962 c.

318 3996 365 4066 ¹⁰⁶)
384 3997 424 4051 De
433 3995 566 4051 similibus
578 3995 651 4051 vitiis
662 4013 686 4054 v.
700 3997 717 4051 l.
730 4013 752 4056 c.
763 3996 777 4050 I
790 4014 814 4067 p.
825 3996 926 4051 XLVII
935 3997 969 4051 ad
979 3996 1019 4050 IV
1029 3996 1045 4051 3
1055 3996 1109 4062 fin,
1120 3994 1159 4050 VI
1171 3996 1213 4062 17,
1225 3995 1241 4049 9
1252 3996 1315 4049 cett.

317 4087 362 4158 ¹⁰⁶)
382 4087 423 4143 Cf.
437 4088 454 4142 l.
468 4105 488 4143 c.
509 4086 536 4140 Il
555 4103 580 4156 p.
595 4085 647 4140 624
665 4091 720 4142 not.
740 4087 774 4142 47
795 4091 823 4142 et
841 4086 921 4156 praef.
941 4087 956 4140 I
974 4104 999 4157 p.
1014 4086 1123 4139 XXXV.

319 4175 365 4247 ¹⁰⁷)
385 4177 414 4232 L.
428 4193 449 4232 c.
463 4175 572 4246 practl
592 4192 617 4245 p.
631 4175 745 4230 XXXII.
