3134 4964
324 1489 428 1603 Cum
453 1536 525 1602 ante
549 1534 604 1602 hos
620 1538 767 1620 quattuor
789 1554 884 1601 annos
907 1531 1119 1602 aBernhardo
1134 1528 1316 1612 Schmidtio,

249 1645 445 1727 praeceptore
475 1663 561 1723 meo,
595 1645 673 1710 mihi
705 1644 897 1727 propositum
928 1646 1023 1723 esset,
1056 1644 1092 1708 ut
1123 1642 1155 1707 in
1187 1642 1251 1708 uim
1282 1661 1317 1708 ac

249 1752 435 1834 potestatem
464 1751 736 1835 praepositionum,
767 1750 879 1835 quibus
904 1749 1075 1816 Pausanias
1105 1749 1262 1834 periegeta
1285 1749 1315 1814 in

249 1858 389 1925 locorum
412 1861 743 1942 monumentorumque
770 1857 1026 1942 descriptionibus
1050 1857 1088 1924 ad
1112 1856 1316 1923 definiendum

248 1965 343 2032 situm
359 1966 407 2032 uti
422 1965 640 2043 consuevisset,
664 1985 756 2049 qnam
773 1965 1003 2032 accuratissime
1018 1963 1214 2048 inquirerem,
1237 1962 1316 2029 hano

249 2073 438 2155 provinciam
462 2074 551 2139 tanto
573 2072 719 2139 libentius
742 2073 870 2157 suscepi,
901 2074 1016 2156 quanto
1040 2074 1109 2155 plus
1136 2071 1206 2137 inde
1228 2072 1316 2138 utili-

248 2180 325 2246 tatis
354 2200 414 2247 non
445 2179 544 2245 solum
573 2180 613 2244 ad
643 2179 738 2262 ipsius
768 2179 926 2263 scriptoris
954 2179 1157 2246 elocutionem
1188 2181 1220 2245 et
1247 2179 1316 2244 uni-

250 2305 369 2354 versam
385 2287 511 2352 illorum
526 2288 701 2368 temporum
714 2286 914 2371 graecitatem
927 2286 1047 2370 plenius
1062 2285 1314 2370 cognoscendam,

249 2412 355 2460 rerum
373 2394 465 2461 etiam
482 2393 521 2459 ad
537 2396 672 2459 veterem
685 2393 831 2460 Graeciae
846 2393 1095 2479 topographiam,
1111 2412 1188 2477 quae
1203 2411 1316 2476 magna

248 2519 285 2566 ex
309 2503 395 2585 parte
417 2501 449 2566 in
471 2501 626 2568 Pausania
649 2505 731 2568 recte
753 2501 911 2567 intellecto
934 2502 1036 2585 posita
1058 2503 1114 2580 est,
1144 2500 1314 2566 redundare

247 2628 334 2692 posse
357 2609 536 2676 sentiebam.
572 2629 662 2694 quem
685 2610 717 2674 in
740 2610 878 2676 laborem
902 2608 976 2674 dum
999 2607 1153 2690 incumbo,
1177 2607 1315 2691 pervenit

247 2715 279 2780 in
315 2736 424 2783 manus
457 2736 541 2785 meas
575 2717 749 2784 dissertatio
784 2717 983 2801 Erlangensis
1016 2716 1144 2783 Antonii
1177 2714 1312 2800 Ruegeri

247 2841 327 2888 anno
345 2825 614 2910 rempublicam,
638 2844 715 2909 quae
736 2821 803 2890 ‘Die
817 2823 1049 2907 Prtpositionen
1070 2823 1119 2890 bei
1135 2818 1313 2889 Pausanias’

246 2927 433 3012 inscribitur,
449 2931 605 3016 subiitque
620 2931 758 2999 animum
775 2934 886 3011 metus,
910 2951 947 2998 ne
962 2932 1026 2997 iam
1045 2931 1131 3014 copia
1146 2929 1312 2996 disserendi

247 3037 326 3103 mihi
355 3042 519 3123 praecepta
548 3043 637 3108 esset.
677 3039 729 3105 sed
759 3059 829 3105 mor
858 3039 1024 3107 veritatem
1054 3038 1120 3104 noti
1148 3037 1311 3123 proverbii,

247 3145 338 3229 quod,
369 3145 429 3212 duo
462 3147 488 3212 si
516 3147 631 3213 saciant
661 3146 753 3230 idem,
787 3150 880 3232 neget
910 3147 992 3213 idem
1025 3166 1099 3230 esse,
1132 3147 1226 3212 etiam
1255 3145 1312 3211 hoc

246 3252 386 3338 exemplo
415 3254 648 3338 comprobatam
677 3254 749 3320 vidi.
789 3254 902 3321 etenim
925 3254 1095 3339 Ruegems,
1125 3272 1311 3338 quamquam

247 3378 277 3441 p.
295 3361 315 3425 3
336 3360 542 3427 arationibus
557 3359 785 3444 topographicis
801 3361 840 3426 ad
855 3379 979 3444 operam
996 3379 1083 3426 suam
1099 3378 1131 3427 se
1147 3359 1312 3425 deductum

246 3484 312 3532 esse
334 3466 506 3549 profitetur,
534 3469 636 3533 tamen
659 3467 690 3531 in
714 3467 781 3550 ipsa
804 3468 1060 3534 commentatione
1083 3467 1125 3534 sic
1148 3486 1212 3532 rem
1235 3467 1312 3552 egit,

222 3558 283 3640 ¹nt
305 3572 368 3639 illis
391 3592 485 3656 paene
507 3574 593 3639 nullo
616 3574 707 3639 modo
739 3574 883 3658 respectis
906 3576 939 3641 in
961 3573 1130 3640 tractandis
1152 3573 1205 3653 eis,
1235 3593 1312 3657 quae

248 3680 369 3764 proprie
391 3680 430 3746 ad
453 3682 693 3766 grammaticam
709 3681 874 3765 pertinent,
899 3683 962 3749 fere
984 3681 1197 3766 acquiesceret.
1232 3680 1312 3765 quod

248 3807 319 3854 cum
342 3787 388 3854 ita
403 3789 453 3867 sit,
478 3789 530 3872 qui
546 3789 754 3872 quaestionem
771 3790 807 3856 de
822 3788 1102 3873 praepositionibus
1116 3789 1207 3856 locali
1222 3807 1312 3855 sensu

247 3914 267 3962 a
290 3895 443 3963 Pausania
465 3896 612 3963 adhibitis
635 3897 818 3963 retractabit
841 3898 894 3977 sic,
916 3901 953 3964 ut
976 3897 1070 3963 simul
1093 3897 1185 3964 etiam
1209 3916 1311 3963 rerum

247 4002 287 4068 ab
302 4021 337 4067 eo
349 4002 413 4069 sire
425 4007 735 4071 commemoratarum
748 4005 812 4071 sive
827 4004 1049 4089 descriptarum
1061 4004 1149 4088 plene
1161 4004 1312 4071 rationem

247 4109 370 4192 habeat,
387 4129 456 4176 eum
472 4130 596 4195 operam
612 4111 695 4178 haud
707 4112 897 4194 perditurum
913 4130 976 4177 esse
992 4111 1133 4178 arbitror.
1157 4111 1312 4194 inprimis

248 4218 351 4283 autem
382 4217 493 4302 dignus
524 4219 572 4283 est
602 4219 653 4301 qui
683 4218 780 4285 denuo
803 4220 1007 4302 investigetur
1033 4237 1105 4283 usus
1128 4216 1208 4300 apud
1231 4218 1312 4283 hune

1099 4343 1114 4395 1
