3134 4964
781 429 1001 494 ..24-

358 625 464 710 qualia
486 625 518 690 in
542 624 696 692 codicibus
714 626 845 705 exstant,
868 625 1002 692 breviter
1024 625 1096 690 sunt
1111 623 1194 689 dicta
1208 641 1264 708 pro
1286 623 1423 708 pleniore

354 733 534 813 elocutione,
566 751 659 815 quarn
682 732 761 798 Vlll
785 732 838 815 51,
864 734 881 797 7
907 731 1059 816 legimus:
1094 727 1284 816 ὑπερβαλόντι
1312 729 1344 794 δὲ
1370 733 1423 817 τὴν

355 844 486 928 κορυφὴν
509 848 559 904 τοῦ
583 837 670 923 ὄρους
693 837 749 926 (so.
766 838 949 924 Παρθενίου)
969 835 1044 903 ἔστιν
1067 835 1096 902 ἐν
1119 847 1179 910 τοῖς
1198 836 1257 925 ἤδη
1278 859 1423 921 γεωργου-

356 952 454 1032 μένοις
477 945 627 1029 Τερεατῶν
650 943 720 1029 ὅρος
742 950 793 1010 καί
815 943 965 1032 Ἀργείων.
1000 945 1168 1012 Pausanias
1191 964 1263 1012 vero
1286 963 1347 1026 eoa,
1370 944 1422 1029 qui

356 1054 464 1121 diebus
487 1052 582 1133 festia,
607 1072 684 1136 quac
700 1053 837 1119 Daedala
855 1053 1054 1133 vocabantur,
1078 1053 1241 1133 iutersunt,
1265 1052 1303 1118 ab
1320 1051 1423 1135 Asopo

356 1162 483 1227 flumine
506 1161 543 1248 (i.
558 1180 585 1228 a.
602 1179 620 1226 a
637 1160 908 1247 septentrionibus)
931 1160 963 1226 in
980 1159 1172 1226 Cithaeronis
1188 1160 1333 1227 verticem
1356 1160 1421 1244 ipse

355 1269 582 1353 quodammodo
597 1270 729 1348 secutus,
752 1271 915 1351 postquam
937 1287 1023 1335 sacra
1039 1268 1185 1334 facientes
1203 1267 1289 1347 vidit,
1312 1268 1424 1334 ultra

355 1377 503 1444 verticem
531 1376 565 1456 (i.
586 1395 612 1442 e.
634 1376 733 1441 altera
761 1374 864 1462 parte)
892 1375 1013 1442 clroiter
1040 1375 1212 1458 quindecim
1239 1374 1342 1442 stadia
1370 1374 1423 1441 ‹le-

356 1484 474 1550 scendit
489 1482 770 1568 Sphragidiumque
794 1485 916 1549 antrum
938 1483 1025 1560 visit;
1050 1482 1276 1567 quodquidam
1300 1485 1424 1550 auctore

354 1591 523 1658 Plutarcho
554 1590 665 1676 (Arist.
691 1589 748 1677 11)
777 1611 795 1658 a
824 1590 1017 1657 Cithaeronis
1047 1590 1205 1659 cacumine
1235 1591 1423 1659 occidentem

357 1718 461 1765 versus
485 1699 561 1764 erat.

423 1804 500 1870 VIII
521 1806 574 1883 35,
592 1808 632 1871 10
666 1801 752 1889 ὑπὲρ
775 1807 902 1870 τοίιτου
927 1807 959 1870 δὲ
982 1807 1035 1891 (sc.
1057 1814 1107 1870 τοῦ
1131 1804 1218 1890 ὄρους
1241 1803 1424 1892 Φαλάνθου)

355 1913 452 1978 πεδίον
475 1918 505 1977 τέ
529 1910 589 1977 ἐστι
612 1911 723 1976 Πώλου
746 1914 928 1999 νιαλοίμενον
951 1917 1002 1977 καί
1025 1911 1087 2000 μετ’
1110 1911 1181 1978 αὐτὸ
1198 1911 1351 2000 Σχοινοῦς.
1380 1915 1425 1980 sio

355 2019 438 2085 Pacci
460 2019 515 2097 La,
540 2023 647 2085 contra
662 2015 718 2083 ὑπὸ
734 2021 834 2083 τοίιτου
852 2019 918 2086 Vab
936 2022 969 2085 M
987 2021 1037 2105 Ag
1053 2020 1110 2085 hb.
1141 2016 1213 2106 ὑπὲρ
1236 2022 1338 2084 τουτου
1354 2040 1423 2086 cum

355 2126 434 2193 Sieh.
457 2127 530 2193 SW.
555 2126 648 2192 Dind.
674 2128 785 2195 Schuh.
813 2129 845 2193 in
880 2131 999 2193 textum
1034 2128 1240 2214 recipiendum
1273 2128 1423 2207 ducimus,

355 2233 490 2316 primum
519 2234 591 2315 quia
620 2233 701 2300 inter
729 2234 870 2302 meliores
903 2234 1020 2301 codices
1043 2235 1087 2301 La
1113 2235 1310 2319 potissimum
1344 2235 1424 2301 hanc

356 2341 517 2406 lectionem
532 2341 658 2424 praebet
674 2344 705 2408 et
719 2340 890 2408 Amasaeus
906 2361 1024 2426 quoque
1047 2341 1092 2408 ita
1115 2342 1205 2426 legit,
1229 2343 1337 2409 deiude
1353 2343 1423 2426 quia

355 2448 402 2513 Va
426 2449 457 2513 et
479 2449 514 2512 M
537 2448 632 2515 etiam
655 2449 716 2515 VII
740 2452 769 2528 1,
794 2453 813 2516 2
837 2445 909 2533 ίιτιὲρ
933 2459 986 2536 τῆς
1008 2447 1108 2536 ἀρχῆς
1129 2449 1162 2516 in
1185 2445 1240 2513 ίιπδ
1263 2460 1316 2538 τῆς
1339 2448 1369 2514 ἁ.
1393 2452 1423 2516 at

355 2554 385 2619 Χ
409 2557 461 2632 12,
489 2558 503 2620 l
529 2550 601 2640 ὑπὲρ
629 2565 682 2642 τῆς
713 2566 769 2642 γῆς
796 2556 828 2621 in
855 2552 911 2621 tat
939 2566 993 2643 τῆς
1016 2578 1043 2638 γ.
1077 2574 1236 2640 perperam
1267 2558 1423 2622 mutatum

355 2661 512 2743 exhibent,
541 2662 669 2745 denique
693 2664 765 2745 quia
791 2662 899 2730 localis
921 2660 977 2726 hco'
1001 2663 1236 2747 praepositionis
1259 2683 1329 2730 cum
1352 2683 1422 2750 gen.

355 2768 533 2834 coniunctae
564 2789 638 2835 usus
669 2770 749 2853 apud
773 2770 958 2836 Pausaniam
988 2771 1164 2837 rarissimus
1187 2773 1234 2837 est
1263 2770 1316 2857 (cf.
1332 2791 1363 2855 p.
1380 2773 1422 2837 23

356 2875 426 2941 adn.
443 2877 509 2962 48).
533 2876 705 2960 periegetae
722 2876 893 2944 Tricolonis
908 2877 1122 2964 Methydrium
1138 2877 1199 2943 iter
1214 2877 1338 2946 facienti
1354 2897 1423 2946 cum

356 2984 417 3049 alia
440 2983 508 3049 loca
531 3003 562 3049 se
586 2985 727 3066 offerunt,
752 2987 820 3051 tum
840 2985 1003 3064 Anemosa,
1026 2985 1238 3055 Phalanthum
1262 3003 1360 3066 mons,
1383 2985 1422 3051 in

356 3110 390 3158 eo
421 3089 465 3178 (ἐν
493 3088 585 3177 αὐτῷ)
616 3092 700 3158 urbis
729 3092 922 3178 cognominis
950 3092 1115 3176 reliquiae,
1144 3095 1259 3160 ultra
1283 3093 1315 3158 id
1338 3089 1422 3178 (ὑπὲρ

355 3200 469 3283 τοίιτυυ)
485 3198 584 3263 πεδίον
607 3205 644 3263 τέ
667 3197 726 3263 ἐστι
749 3198 859 3264 Πώλου
882 3200 1063 3286 καλοίμενον
1086 3203 1149 3264 καί
1171 3197 1233 3287 μετ’
1248 3197 1318 3265 circo
1334 3198 1423 3286 Σχοι-

355 3314 437 3382 νους;
467 3326 540 3372 nam
571 3307 661 3372 ambo
691 3308 757 3373 loca
786 3308 946 3391 particulis
969 3331 1056 3372 τε-
1079 3312 1131 3372 ναί
1152 3308 1235 3374 inter
1257 3327 1290 3376 se
1312 3327 1423 3376 conexa

356 3464 485 3537 Olympii)
515 3465 697 3540 πεποίηκεν
722 3467 736 3520 ὁ
760 3465 871 3529 Φειδίας
896 3466 972 3540 ὑπὲρ
996 3469 1054 3541 τὴν
1077 3466 1223 3540 κεφαλὴν
1245 3474 1299 3520 τοῦ
1324 3465 1424 3539 ἀγάλ-

357 3573 459 3626 ματος
478 3562 553 3608 τοῦτο
568 3556 614 3626 μὲν
626 3555 754 3628 Χάριτας,
769 3563 844 3609 τοῦτο
858 3555 886 3609 δὲ
898 3554 990 3630 Ὥρας,
1004 3563 1072 3629 τρεῖς
1086 3557 1211 3631 ἑκατέρας
1224 3559 1258 3627 (ν.
1278 3557 1348 3613 infra
1367 3574 1422 3628 cap.

356 3645 431 3700 alter.
451 3644 585 3717 IIBfin.)
604 3649 652 3702 aut
666 3646 732 3712 140,
748 3649 766 3702 4
780 3644 855 3716 ὑπὲρ
876 3652 933 3718 τῆς
951 3644 1171 3719 ιιεραλῆςτοῠ
1185 3645 1334 3710 Διόςείοιν
1347 3643 1424 3719 Ὧραι

356 3733 400 3785 aul
412 3731 513 3806 Μοῖραι
530 3734 567 3804 (v.
585 3735 656 3790 infra
675 3752 732 3806 cap.
751 3736 828 3806 prim.
848 3735 878 3791 II
897 3735 920 3789 B
939 3736 996 3805 fin.)
1016 3741 1064 3792 aut
1082 3737 1122 3792 IX
1135 3739 1177 3803 35,
1195 3734 1379 3808 6Σμυρναίοις
1396 3735 1423 3788 ἓν

356 3829 392 3893 τῷ
412 3822 473 3896 ἱερῷ
492 3832 543 3878 τῶν
562 3823 700 3896 Νεμέσεων
721 3825 796 3896 ὑπὲρ
814 3831 875 3877 τῶν
894 3823 1092 3896 ἀγαλμάτων
1109 3831 1208 3898 χρυσοῦ
1225 3823 1338 3898 Χάριτες
1357 3824 1424 3878 δινά-

356 3932 453 3967 ιιεινται
470 3914 509 3984 (ν.
522 3916 540 3971 l.
560 3916 602 3985 o).
628 3916 745 3972 ethroni
763 3915 861 3972 Cereris
876 3916 1080 3986 Despoenaequc
1091 3915 1217 3985 rellquiis,
1235 3933 1303 3986 quae
1315 3917 1423 3988 quidem

358 4020 442 4074 nuper
455 4004 575 4062 detectae
587 4006 642 4062 sint
656 4005 699 4075 (cf.
713 4004 792 4078 Ἀρχ.
811 4004 886 4062 nete.
900 4005 969 4061 1889
988 4023 1013 4076 p.
1027 4006 1075 4060 161
1091 4023 1148 4076 sqq.
1166 4007 1193 4060 ct
1206 4006 1283 4074 170),
1306 4007 1424 4062 nondam

359 4095 500 4165 quicquam
519 4098 568 4151 aut
587 4096 620 4151 ad
639 4094 829 4151 stabiliendam
848 4096 1026 4152 contacturum
1038 4111 1124 4150 meum
1143 4094 1244 4150 autad
1263 4095 1423 4153 reiciendum
1487 4121 1489 4126 v

359 4183 479 4238 concludi
496 4187 593 4254 potant.
