3134 4964
674 458 895 520 ...43-

252 652 456 736 Megaraeque
468 654 549 730 sunt,
567 651 674 718 deiude
694 689 733 699 —
751 652 786 717 ut
802 651 833 716 id
849 650 957 717 statim
969 652 1027 717 hoe
1043 651 1110 718 loeo
1123 651 1319 734 expediamus

254 795 293 805 -
319 760 374 841 §8
397 758 498 824 verbis
521 755 611 844 ὑπὲρ
641 758 673 821 δὲ
696 762 755 844 τὴν
779 754 970 846 Ἔριφίνλην
1000 757 1124 845 ἔγραψεν
1148 753 1319 847 Ἐλπήνορά

252 887 281 928 τε
305 868 356 928 καί
379 861 525 929 Ὀδυσσέα
552 861 716 937 ὀκλάζοντα
743 863 789 928 έπί
817 873 878 936 τοῖς
909 868 992 929 ποσίν
1022 867 1093 932 cett.
1125 864 1163 930 ad
1193 865 1318 949 figuras,

252 992 328 1055 quae
351 991 442 1053 supra
458 972 672 1038 antecedentes
687 973 804 1055 positae
828 975 915 1050 sunt;
939 992 1011 1038 uam
1034 973 1196 1056 §9rerba
1219 993 1317 1035 κατω-

251 1085 325 1164 τέρω
356 1080 388 1142 δὲ
416 1088 466 1143 του
489 1076 657 1152 Ὀδυσσέως
685 1079 784 1145 denuo
814 1081 846 1146 in
875 1081 1032 1147 inferiores
1061 1081 1187 1146 tabulae
1217 1086 1319 1165 partes

251 1186 375 1251 ducunt.
400 1186 439 1254 ef.
464 1186 562 1252 Gebh.
587 1187 609 1251 l.
633 1206 659 1252 ο.
683 1207 713 1270 p.
731 1189 772 1251 27
790 1205 835 1269 sq.

318 1294 347 1357 X
363 1295 416 1371 30,
433 1296 452 1358 9
469 1289 553 1376 ὑπὲρ
570 1296 692 1357 τουτου
709 1293 937 1379 (Thamyridis)
953 1291 1027 1357 ἐστίν
1043 1291 1089 1357 ἐπὶ
1103 1298 1211 1380 πέτρας
1222 1298 1318 1358 καθε-

251 1405 371 1486 ζόμενος
384 1399 536 1486 λίαρσάας,
549 1403 600 1464 καί
608 1398 766 1485 Ὄλυμπος
778 1397 846 1486 παρ’
858 1396 945 1465 αὐτὸν
957 1401 1062 1472 παιδός
1072 1398 1147 1465 ἐστιν
1159 1398 1317 1486 ὡραίου-

250 1519 356 1596 σχημα
371 1509 460 1593 ἔχων.
476 1527 568 1593 supra
584 1507 658 1594 (uon
673 1507 772 1596 ultra)
789 1509 1009 1594 Thamyridem
1030 1509 1186 1576 sedentem
1210 1509 1316 1574 sedent

250 1617 281 1681 in
305 1635 380 1698 rupe
403 1617 544 1701 Marsyas
568 1618 599 1681 et
622 1615 788 1702 Olympum
814 1636 886 1683 nam
910 1616 1130 1702 Thamyridem
1153 1617 1184 1681 in
1208 1617 1316 1681 infima

250 1724 422 1807 figurarum
455 1723 532 1789 serie
564 1724 676 1806 exeipit
707 1724 887 1808 Heotor⁹⁸);
921 1724 1048 1804 accedit,
1079 1724 1160 1808 quod
1185 1724 1317 1807 scriptor

250 1830 351 1896 verbis
368 1828 393 1893 εί
409 1831 441 1893 δὲ
457 1828 574 1902 ἀπίδοις
589 1832 676 1895 πάλιν
699 1827 734 1902 ἐς
757 1834 794 1894 τὸ
818 1829 887 1895 ἄνω
910 1841 964 1917 της
979 1842 1105 1919 γραφης,
1122 1830 1195 1895 ἔστιν
1211 1829 1318 1919 ἐφεξῆς

250 1949 289 2022 up
312 1934 470 2002 Ἀκταίωνι
492 1936 571 2009 Αίας
601 1939 674 2003 oett.
703 1936 747 2024 (X
764 1941 816 2015 31,
836 1939 868 2022 1)
899 1939 1013 2005 iterum
1041 1939 1122 2004 iuter
1149 1939 1318 2022 superiores

250 2046 364 2129 figuras
387 2046 490 2113 oeulos
513 2046 700 2112 eiroumieri.
725 2047 763 2113 of.
789 2045 888 2113 Gebh.
914 2048 934 2111 l.
959 2068 985 2113 o.
1009 2066 1039 2130 p.
1058 2050 1118 2113 29..

316 2155 344 2219 V
363 2157 413 2236 19,
430 2156 451 2219 4
467 2152 674 2240 ἐπιγράμματα
691 2155 723 2217 δὲ
739 2155 793 2238 (so.
811 2151 899 2239 ἐστίν)
921 2151 986 2218 oue
992 2177 1008 2238 p
1033 2152 1093 2240 (ἐπί
1109 2155 1172 2241 Vb)
1190 2159 1241 2240 μὲν
1257 2164 1316 2219 τοῦ

248 2259 453 2350 Ἰφιδάμαντος
468 2270 608 2346 νεκροῦ,
627 2299 668 2308 -
684 2270 734 2325 τοι]
750 2258 973 2347 Ἀγαμέμνονος
990 2262 1022 2325 δὲ
1034 2262 1080 2326 ἐπὶ
1095 2273 1131 2347 τη
1148 2260 1245 2326 ἀσπίδι
1265 2301 1313 2325 -.

317 2369 363 2433 IX
378 2371 431 2447 37,
445 2365 587 2456 δίστησιν
600 2366 650 2433 οὖν
667 2365 751 2452 ὑπὲρ
767 2379 831 2432 τῶν
847 2367 1007 2450 ἀγγείων,
1021 2367 1051 2433 ἐν
1066 2366 1110 2440 οἷς
1121 2367 1137 2432 8
1149 2392 1179 2432 τε
1191 2367 1317 2454 ἄργυρος

249 2475 314 2564 ἐνην
337 2479 387 2539 καί
407 2473 423 2538 ὁ
439 2481 551 2562 χρυσός
566 2472 602 2552 οί,
626 2480 724 2556 πάγας
746 2473 766 2561 ἤ
783 2498 808 2539 τι
823 2480 874 2539 καί
890 2474 976 2543 ἀλλο.
1001 2476 1040 2541 cf.
1057 2476 1150 2542 Hom.
1167 2476 1224 2542 Od.
1241 2477 1316 2541 XIV

248 2586 312 2650 303
329 2603 373 2666 sq.
399 2582 436 2670 δὴ
460 2587 524 2646 τότε
547 2587 674 2670 κυανέην
696 2583 821 2670 νεφέλην
843 2581 948 2670 ἔστησε
965 2580 1098 2668 Κρονίων
1121 2586 1207 2670 νηὸς
1229 2579 1316 2668 ὅπερ

248 2691 441 2778 γλαφυρῆς·

315 2798 345 2862 Χ
369 2799 458 2876 29,8
486 2797 611 2883 ἔγραψεν
637 2793 848 2860 -Ὀδυσσέα
875 2793 1038 2870 ὀκλάζοντα
1065 2793 1113 2860 ἐπί
1139 2807 1199 2868 τοῖς
1221 2801 1314 2873 ποσίν,

249 2902 356 2991 ’έχοντα
378 2902 469 2988 ὑπὲρ
493 2913 556 2968 τοῦ
579 2907 725 2988 βόθρου
749 2907 781 2967 τὸ
805 2904 894 2991 ξίφος.

315 3011 348 3077 X
368 3014 421 3087 37,
441 3015 457 3074 1
481 3010 646 3097 (Artemis)
671 3011 749 3096 δοζιδα
772 3010 884 3097 ἔχουσα
907 3020 943 3095 ιη
967 3010 1046 3094 δεξιᾷ
1061 3013 1111 3073 καί
1134 3007 1225 3096 ὑπὲρ
1247 3020 1316 3075 τῶν

249 3117 355 3205 ὤμων
372 3123 528 3207 φαρέτραν.
564 3120 710 3202 pharetra
725 3137 816 3201 super
831 3120 974 3183 humeros
990 3117 1112 3183 eminet.
1146 3118 1184 3182 of.
1201 3118 1236 3184 F.
1248 3117 1315 3183 Im-

249 3225 465 3290 hoof-Blumer
496 3229 527 3290 et
556 3226 591 3290 P.
615 3224 754 3291 Gardner
782 3223 1005 3291 ‘Numismatie
1035 3228 1245 3311 commentery
1278 3245 1315 3291 ou

252 3328 366 3410 Paus’,
391 3331 499 3397 Jouru.
517 3334 551 3397 of
570 3334 644 3397 hell.
661 3332 743 3398 stud.
760 3332 840 3398 vlll
865 3333 979 3420 (1887)
1003 3353 1033 3416 p.
1052 3335 1104 3414 20,
1121 3336 1153 3402 2.

317 3440 348 3503 lI
371 3441 457 3516 27,2
480 3440 614 3526 κάθηται
637 3441 669 3503 δὲ
693 3438 921 3526 (Aesculapius)
951 3437 998 3504 ἐπὶ
1020 3437 1130 3525 θρόνου
1154 3442 1314 3525 βακτηρίαν

249 3556 374 3629 κρατῶν,
397 3549 448 3632 τὴν
472 3545 505 3608 δὲ
528 3542 628 3632 ἑτέραν
651 3557 705 3610 τῶν
728 3558 834 3632 χειρῶν
858 3544 925 3611 ortt
933 3570 949 3632 p
973 3544 1033 3629 (ἐπί
1056 3547 1115 3633 La)
1141 3547 1315 3634 κεφαλης

248 3653 375 3741 ἔχειτοῦ
391 3652 560 3736 δράκοντος.
584 3654 623 3718 ef.
639 3653 668 3719 I.
685 3655 864 3720 Ouerbeokii
880 3651 1000 3720 ‘Gesoh.
1015 3654 1044 3719 d.
1059 3655 1174 3738 grieeh.
1188 3650 1315 3720 l’last.’³

248 3761 263 3826 Ι
279 3781 309 3844 p.
321 3761 396 3843 280,
411 3759 682 3826 Imhoof-Blumer
697 3763 729 3827 et
745 3761 885 3828 Garduer
901 3761 922 3828 l.
936 3781 961 3828 ο.
975 3762 1020 3826 VI
1038 3759 1153 3848 (1885)
1169 3781 1199 3842 p.
1214 3763 1267 3840 92,
1280 3762 1313 3837 2;

250 3868 327 3933 vlu
350 3867 465 3953 (1887)
488 3888 518 3951 p.
537 3869 590 3945 57,
608 3870 639 3933 2.

249 4022 462 4032 ——-

318 4106 354 4176 98)
373 4107 483 4172 Χ81,5
508 4105 538 4159 ὲν
557 4104 585 4159 δέ
609 4112 677 4168 τοῖς
702 4106 787 4158 κάτω
815 4114 864 4179 τῆς
887 4112 993 4179 γραφῆς
1019 4109 1097 4177 μετὰ
1123 4106 1177 4158 τδν
1202 4104 1312 4178 Θρᾷκά

249 4194 295 4250 εἱσι
313 4196 457 4267 Θάμυριν
475 4194 582 4268 ’Ἕκτωρ
602 4196 648 4268 μέν
666 4194 843 4268 καθεζόμενος
861 4198 924 4254 cett.
