3134 4964
674 461 899 525 ..19-

250 653 384 738 Kyllene
412 653 460 721 ins
489 651 597 734 Meer’‚
628 653 771 737 idemque
780 653 820 739 81)
852 656 884 721 et
914 655 965 722 W.
996 653 1163 721 (iurlittius
1172 655 1213 740 81)
1242 651 1315 742 ὑπὲρ

250 761 433 844 particulam
452 761 526 828 locis
541 761 604 827 VII
619 763 650 842 4,
670 763 686 827 1
712 762 758 826 IX
776 763 827 844 ll,
846 763 883 839 53
909 764 961 840 22,
979 763 999 827 6
1016 761 1191 847 significare
1206 763 1319 845 putant

251 868 385 934 alterum
408 868 509 934 lecum
533 868 566 933 in
589 869 653 934 alto
677 868 864 950 superiorem
887 886 951 934 esse
974 868 1090 946 altero;
1116 887 1247 952 quorum
1269 869 1319 938 hic

251 975 373 1060 quidem
397 975 494 1041 nostri
517 975 665 1042 sermonis
688 975 874 1042 locutionem
898 971 985 1042 ‘hehe
1007 971 1072 1042 See’
1096 978 1265 1059 comparat.

318 1081 406 1162 Quod
421 1081 614 1162 coniecimus,
631 1083 726 1148 etiam
742 1082 860 1148 ratione
880 1081 1090 1162 confirmatur,
1111 1102 1172 1166 qua
1188 1083 1318 1167 scriptor

250 1188 311 1254 alia
333 1189 400 1255 loca
414 1189 446 1254 in
463 1188 608 1256 Graeciae
631 1188 722 1255 litere
746 1188 806 1254 sita
829 1191 998 1256 enumerat.
1028 1209 1213 1274 quamquem
1236 1191 1317 1256 enim

250 1296 281 1362 in
297 1299 381 1362 terra
395 1296 591 1362 describenda
607 1316 697 1362 suum
713 1297 907 1382 singulorum
923 1296 1032 1362 finium
1049 1296 1187 1363 ordinem
1210 1297 1319 1366 habet:

250 1403 367 1484 Attice,
390 1404 529 1489 Megara,
554 1403 689 1487 Argelia,
713 1404 874 1483 Laconica,
898 1404 1059 1483 Messenia,
1084 1404 1160 1484 Elis,
1183 1405 1317 1487 Achaea,

253 1512 393 1594 Arcadio,
417 1512 554 1591 Boeotia,
573 1512 695 1592 Pheeis,
712 1511 816 1578 Locris
832 1511 1008 1592 Onolarum,
1032 1514 1137 1579 tamen
1152 1513 1209 1579 hac
1224 1514 1318 1597 atque

250 1619 323 1684 illac
352 1619 391 1684 ab
422 1621 563 1701 anctore,
594 1637 686 1702 quem
716 1619 870 1702 seqnitur,
903 1620 979 1686 adeo
1008 1620 1140 1687 liberare
1171 1639 1235 1688 sese
1257 1641 1318 1689 nen

250 1729 369 1810 potest,
405 1729 440 1791 ut
474 1728 582 1793 centra
615 1724 753 1793 ordinem
787 1726 826 1792 ab
862 1727 929 1811 ipso
964 1728 1169 1794 constitutum
1204 1729 1317 1813 peccet.

250 1833 341 1900 aliter
363 1833 507 1917 explicari
531 1851 591 1899 non
613 1836 741 1916 possunt
764 1833 796 1899 hi
818 1833 897 1901 leci:

317 1941 379 2019 ll,
400 1944 414 2006 1
434 1960 498 2023 sqq.
522 1940 663 2006 Atticam
686 1939 856 2007 describere
879 1941 980 2024 eoepit
995 1961 1013 2006 a
1027 1941 1121 2008 Sunio
1136 1944 1282 2025 promunt
1303 1979 1318 1994 -

251 2048 296 2114 rio
324 2047 447 2114 atinde
477 2049 654 2113 recensete
677 2047 783 2113 dextra
813 2067 906 2114 manu
935 2048 974 2113 ed
1003 2048 1142 2128 laevam,
1174 2049 1206 2115 id
1236 2050 1317 2133 quod

249 2155 391 2221 universe
422 2153 566 2221 Graeciae
595 2153 811 2220 describendae
841 2154 940 2220 ordini
969 2156 1127 2234 convenit,
1158 2157 1316 2239 Laurium,

249 2261 387 2328 Patrocli
400 2261 543 2341 insulam,
557 2261 737 2341 Phalcrnm,
747 2261 909 2339 Piraeum3
926 2264 985 2343 1,4
1003 2264 1105 2328 autem
1126 2262 1317 2329 describendi

250 2369 388 2436 ordinem
400 2368 543 2435 invertit:
561 2368 740 2454 Monychia,
754 2369 932 2450 Phalerum,
946 2367 1048 2435 Colias
1058 2370 1316 2452 promunturium,

250 2477 357 2543 deinde
372 2474 504 2542 Athenis
520 2475 679 2559 descriptis
695 2494 721 2544 e.
739 2479 780 2543 31
798 2480 829 2543 et
844 2479 897 2556 32,
915 2478 988 2543 3-
1000 2496 1026 2543 c.
1044 2479 1085 2543 35
1102 2477 1175 2560 pagi
1190 2477 1316 2559 quidam

249 2584 348 2650 Attici
371 2586 598 2663 enumerentur,
630 2602 761 2667 quornm
790 2582 881 2650 series
912 2583 982 2650 inde
1011 2584 1050 2649 ab
1073 2583 1255 2649 Halimrmte
1283 2584 1315 2649 in

249 2690 477 2778 universum⁸⁴)
504 2709 558 2774 per
586 2690 661 2758 litus
684 2690 825 2757 Atticum
834 2691 875 2777 ³⁶)
904 2691 984 2759 eirca
1007 2690 1136 2758 Sunium
1159 2710 1254 2774 nsque
1276 2691 1316 2758 ad

322 2957 357 3028 8’)
376 2957 501 3014 Zeitschr.
521 2958 539 3015 f.
559 2956 584 3012 d.
603 2956 823 3013 Altertumswiss.
843 2957 910 3012 1851
930 2973 956 3025 p.
975 2956 1036 3011 300.

323 3046 355 3115 ⁸⁸)
374 3031 459 3103 ‘siber
477 3044 633 3101 Pausanies’
652 3063 678 3115 p.
698 3047 740 3100 67.

320 3136 355 3205 ⁸⁴)
375 3135 450 3202 Quod
463 3151 591 3205 pagorum
601 3136 805 3190 maritumorum
818 3133 881 3190 orde
894 3132 1101 3204 topographicns
1113 3148 1312 3204 nonnumquam

248 3224 348 3281 additia
362 3225 440 3296 pagis
453 3223 652 3280 mediterraneis
665 3228 705 3280 est
718 3225 892 3295 interruptus,
911 3223 1058 3279 Pausanias
1071 3223 1169 3293 partim
1185 3224 1315 3279 rationem

249 3314 374 3371 habuisse
399 3312 505 3370 ridetur
523 3313 722 3380 similitudinis,
749 3330 816 3383 quae
839 3313 910 3367 inter
935 3329 975 3368 res
999 3312 1163 3383 singulorum
1188 3328 1316 3383 pagorum

248 3403 433 3459 memorabiles
452 3402 640 3459 intercedebat.
660 3403 799 3474 compositi
817 3402 887 3457 onim
906 3405 934 3456 in
953 3418 1034 3456 unum
1053 3401 1138 3457 locum
1158 3404 1222 3456 sunt
1239 3401 1315 3458 Hali·

249 3492 329 3548 musii
338 3495 365 3547 et
374 3492 527 3564 Prospaltii,
538 3491 609 3563 qued
621 3492 728 3563 utrique
738 3491 842 3548 Cereris
853 3495 880 3547 et
887 3491 1059 3560 Proserpinae
1068 3491 1197 3561 templum
1207 3491 1315 3559 habent,

248 3583 410 3653 Anagyraaii
427 3586 455 3638 et
475 3580 651 3652 Cephalenses
670 3584 776 3652 prepter
794 3581 911 3646 illerum,
931 3584 961 3635 ut
979 3578 1099 3646 videtur,
1123 3581 1316 3636 venerationem

248 3672 344 3726 Matris
362 3671 490 3737 Deorum,
515 3687 595 3743 qnam
614 3670 724 3727 eandem
743 3671 871 3740 Magnam
891 3670 976 3726 Deam
995 3670 1127 3724 nominari
1149 3672 1245 3725 notum
1267 3673 1316 3737 est,

248 3764 276 3817 et
295 3760 389 3815 herum
407 3760 509 3816 cultum
529 3758 677 3826 Castorum,
697 3777 762 3831 qnos
777 3761 891 3829 Magnes
903 3758 972 3813 Deos
987 3760 1096 3824 recant3
1115 3759 1225 3814 Preciae
1238 3759 1317 3814 simul

248 3852 276 3905 et
293 3849 437 3920 Lamptrae
455 3852 482 3904 et
494 3849 600 3905 Petami
618 3852 788 3906 recensentur
806 3848 840 3905 ob
854 3848 973 3919 sepulcra
984 3847 1196 3919 Erysichthonis,
1211 3846 1316 3917 Oranai,

249 3939 332 4006 lenis,
350 3938 495 4010 Phlyenses
513 3941 603 3996 autern
622 3955 681 3994 eum
693 3939 883 4012 Myrrhinusiis
900 3941 928 3994 et
939 3937 1167 3994 Athmonensibns
1185 3938 1219 3993 eb
1238 3953 1313 3994 vene·

248 4029 377 4083 rationem
402 4028 506 4083 Dianae
530 4027 678 4094 Luciferae,
704 4027 872 4095 Celaenidis,
898 4027 1067 4098 Amarysiae,
1094 4044 1153 4083 cum
1179 4026 1317 4084 hohernae

248 4117 364 4173 insertae
382 4134 437 4173 esse
453 4116 594 4172 rideantur
612 4120 705 4188 utpote
724 4117 956 4174 Athmonensibns
975 4117 1087 4178 vicinae.

320 4205 354 4287 ⁸⁶)
373 4205 414 4273 Gt.
432 4207 447 4263 1
466 4208 509 4275 33,
530 4208 556 4271 2,

1100 4310 1137 4371 2*
