3134 4964
687 446 883 505 ..3-

319 642 444 718 135,1
482 649 564 726 νᾷσοι
588 638 621 702 δέ
643 635 819 726 Ἀθηναίοις
842 635 877 702 ου
900 643 1000 722 πόρρω
1028 649 1081 725 cryc
1107 643 1211 724 χώρας
1239 635 1317 713 εἰσίν,

252 745 341 835 ἠμέν
357 745 534 831 Πατρόκλου
550 747 730 834 καλουμένη,
753 746 895 833 -ἄλλη
919 745 952 809 δέ
974 741 1064 830 ὑπὲρ
1088 743 1244 810 Σουνίου
1267 748 1319 830 τὴν

252 850 388 941 Ἀττικὴν
418 850 448 918 ἐν
479 850 616 939 ἀριστερᾷ
646 853 792 918 πλέουσιν.
838 853 901 918 sine
933 852 1026 918 dubio
1057 870 1128 918 eum
1159 851 1318 917 Siebelisio

253 959 447 1028 scribendum
467 963 514 1026 est
541 963 593 1046 τὴν
614 955 751 1046 Ἀττικὴν
778 957 808 1024 ἐν
832 958 969 1043 ἀριστερᾷ
991 957 1249 1043 παραπλέουσιν;
1278 959 1317 1025 af.

252 1069 266 1132 1
290 1070 351 1146 l,l
381 1069 433 1131 καὶ
453 1067 542 1153 λιμήν
562 1089 592 1129 τε
613 1067 848 1150 παραπλευσαντι
868 1070 919 1153 τὴν
934 1064 1029 1150 ἄκραν
1050 1062 1108 1128 ἐστί
1128 1068 1159 1130 et
1182 1066 1317 1143 1134,8

253 1165 361 1246 ταυτας
378 1173 434 1260 (sc.
451 1177 504 1245 τὰς
519 1170 706 1257 Ἀριστεράς)
728 1173 760 1237 δέ
776 1174 1013 1258 παραπλευσαντί
1029 1170 1103 1237 ἐστιν
1120 1169 1209 1244 αὖθις
1225 1171 1317 1258 dayam

251 1281 303 1348 sed
327 1281 426 1348 altera
449 1281 584 1347 eiusdem
609 1281 785 1347 coniectura
807 1291 861 1368 τῆς
876 1276 1015 1366 Ἀττικῆς
1036 1276 1066 1343 ἐν
1086 1277 1224 1363 ἀριστερᾷ
1246 1279 1318 1342 πλέ-

252 1410 330 1453 ουσιν
360 1389 485 1473 probari
514 1407 573 1454 non
601 1389 714 1471 potest,
746 1387 827 1472 quia,
858 1406 934 1472 quae
961 1387 1050 1452 laeua
1072 1405 1189 1470 quaeve
1211 1385 1319 1451 dextra

252 1495 375 1562 Atticae
391 1514 446 1562 ora
461 1495 513 1575 sit,
529 1496 594 1562 iure
610 1495 778 1577 quaeritur.
813 1497 968 1578 utcunque
985 1497 1087 1560 tamen
1103 1512 1151 1559 res
1166 1512 1198 1558 se
1213 1493 1317 1571 habet,

252 1604 338 1671 nobis
361 1604 543 1670 vertendum
565 1607 626 1670 est:
655 1600 750 1670 ‘wenn
777 1622 850 1669 man
877 1603 977 1668 linker
999 1602 1092 1667 Hand
1115 1601 1225 1668 Attila
1249 1601 1317 1667 ent-

251 1713 327 1796 lang
350 1710 385 1795 (i.
402 1730 429 1776 e.
445 1730 481 1776 er
497 1710 565 1775 sinu
581 1710 738 1796 Saronico)
754 1706 859 1777 fahrt'.
895 1709 1005 1792 quibus
1028 1708 1129 1775 verbis
1152 1708 1317 1774 accuratis-

251 1818 328 1886 sime
352 1817 427 1883 ordo
451 1817 625 1896 denotatur,
657 1836 716 1900 quo
744 1817 812 1883 loca
840 1816 901 1883 sita
928 1819 1014 1882 suut:
1046 1816 1146 1881 insula
1169 1814 1317 1893 Patrocli,
1364 1818 1368 1824 “

251 1925 380 1992 Sunium
404 1923 664 2009 promunturium,
694 1924 805 1990 ultra
833 1923 866 1989 id
895 1923 1012 1989 Helene
1041 1922 1152 1988 insula.
1191 1920 1317 1987 eandem

251 2051 355 2098 rerum
378 2032 417 2096 ab
441 2050 549 2096 occasu
572 2030 611 2096 ad
634 2031 783 2097 orientem
804 2031 1078 2097 enumerandarum
1099 2028 1248 2095 rationem
1268 2027 1316 2092 in·

224 2121 392 2205 ‘venimus
422 2138 503 2222 apud
532 2138 584 2204 Ps.
608 2136 706 2222 Scyl:
738 2141 780 2204 56
804 2138 944 2222 Megara,
971 2141 1011 2206 57
1036 2137 1157 2203 Attica:
1187 2135 1316 2215 Eleusis,

251 2248 359 2312 contra
375 2265 444 2312 eam
460 2244 601 2323 Salamis,
614 2245 750 2321 Piraeus,
764 2246 913 2327 Athenae,
927 2245 1148 2328 Anaphlystos,
1165 2242 1314 2309 Sunium

251 2353 567 2437 promunturium,
598 2351 759 2431 Thoricos,
790 2352 960 2431 Rhamnus,
991 2351 1045 2418 alii
1075 2354 1183 2434 portus
1205 2350 1315 2431 Attici,

253 2463 295 2527 58
319 2461 398 2522 κατὰ
422 2458 453 2521 δέ
477 2461 527 2544 τὴν
547 2453 685 2545 Ἀττικήν
708 2455 762 2522 εἱσι
784 2470 868 2545 νᾷσοι
891 2455 922 2522 αἱ
944 2456 1105 2529 Κυκλάδες
1127 2458 1315 2542 καλουμεναι,

250 2570 303 2629 καὶ
324 2567 424 2636 πόλεις
447 2561 510 2628 αἵδε
533 2561 562 2628 έν
585 2574 649 2636 ταῖς
671 2570 787 2652 νήσοις·
804 2563 957 2638 Κέως-·
986 2562 1123 2652 Ἑλένη
1137 2565 1190 2652 15)·
1225 2562 1316 2627 Kat-

251 2693 300 2745 νος
324 2675 395 2747 τους
419 2671 496 2740 item
512 2670 592 2752 apud
607 2670 660 2738 Ps.
676 2671 815 2756 styma:
841 2675 906 2739 557
923 2691 988 2755 sqq.
1005 2671 1147 2752 Salamin,
1164 2671 1314 2751 Athenae,

253 2781 317 2845 566
341 2797 387 2860 sq.
411 2779 448 2841 τὸ
472 2774 615 2842 Σουνιον
638 2782 816 2865 κάμψαντι
841 2776 866 2841 δ’
889 2777 946 2842 ἀπὸ
969 2789 1023 2865 τᾷς
1042 2774 1182 2864 Ἀττικῆς
1205 2773 1315 2860 Εὔβοια

250 2896 344 2950 κεῖται
365 2895 456 2972 νῆσος
474 2884 604 2969 (Helene
620 2888 691 2953 ante
707 2886 863 2953 Euboeam
886 2884 1071 2952 nominanda
1094 2884 1186 2969 erat).
1217 2884 1315 2950 maior

251 2995 298 3059 est
313 3011 382 3057 oum
398 2992 550 3058 Pausania
566 3013 730 3062 consensus
746 2993 956 3075 aurdanau:
976 2993 1023 3058 IX
1042 2995 1070 3071 l,
1083 2995 1104 3055 4
1120 3010 1185 3074 sqq.
1201 2991 1315 3056 Nisaea

250 3102 282 3165 et
304 3099 442 3180 Megara,
468 3101 488 3166 9
511 3103 660 3183 πρόκειται
684 3096 710 3163 δ’
733 3099 801 3164 ἀπὸ
823 3099 979 3170 Νισαίας
1007 3099 1148 3162 πλέοντι
1176 3094 1227 3170 εἷς
1254 3101 1314 3184 τὴν

251 3201 412 3292 Ἀττικὴν
435 3209 517 3270 πέντε
540 3210 635 3293 νηπία,
660 3203 720 3270 εἶτα
744 3205 886 3293 Σαλαμις,
917 3210 954 3272 ll
979 3205 1204 3272 incontinenti
1228 3205 1314 3271 Sala-

250 3312 342 3378 minis
370 3332 405 3378 er
428 3313 553 3380 adverso
578 3313 689 3379 Cerata
716 3317 848 3395 montes,
881 3317 921 3379 la
944 3313 1076 3392 Eleusis,
1109 3315 1149 3379 13
1173 3313 1315 3378 Thriasia

249 3419 404 3503 planities,
430 3423 471 3486 14
492 3439 558 3503 sqq.
576 3419 749 3505 Corydalus
772 3439 869 3501 mons,
893 3420 1057 3505 Psyttalia,
1081 3411 1218 3500 Piraeus,
1242 3420 1314 3485 Mu-

322 3560 354 3629 15)
374 3559 414 3615 Cl.
435 3560 463 3616 C.
489 3562 610 3616 Muelleri
637 3578 728 3631 geogr.
748 3561 792 3620 (ir.
818 3563 882 3620 min.
908 3562 998 3617 adnot.
1025 3561 1108 3616 adh.
1131 3562 1162 3616 l.:
1189 3560 1260 3618 ‘cum
1285 3563 1314 3617 in

250 3649 341 3704 ceteris
360 3649 454 3704 insulis
472 3651 637 3707 recensendis
662 3655 748 3707 certus
768 3651 876 3722 quidam
902 3653 965 3707 ordo
983 3653 1030 3718 sit,
1054 3651 1156 3706 mireris
1175 3651 1312 3717 Helenam,

250 3753 319 3807 quae
338 3737 420 3792 Sunio
438 3740 554 3808 proxime
572 3739 718 3805 adiuuabat,
744 3744 804 3810 pust
822 3739 903 3797 Coum
926 3741 1062 3806 collocari,
1088 3757 1121 3795 ne
1139 3739 1227 3795 dicam
1245 3741 1314 3798 hanc

247 3826 363 3881 insulam
382 3827 487 3882 omnino
504 3845 557 3882 non
575 3830 659 3885 solere
678 3829 837 3901 Cycladibus
863 3831 1001 3895 accenseri,
1028 3846 1059 3885 ac
1083 3833 1185 3885 secreta
1207 3829 1313 3885 demum

248 3915 349 3970 Helena
366 3915 530 3971 tralaticium
550 3916 695 3987 Cycladum
713 3934 849 3974 numerum
868 3919 1058 3974 duodenarium
1071 3918 1136 3973 erui.
1163 3922 1263 3985 auctor,
1283 3936 1313 3975 cx

247 4020 298 4074 quo
319 4004 383 4060 haec
407 4003 546 4071 fluxerunt,
572 4006 664 4062 codem
689 4006 767 4062 modo
791 4024 846 4062 rem
871 4009 1031 4073 instituerit,
1056 4024 1109 4079 quo
1128 4007 1313 4064 Artemidorus

246 4091 319 4159 fecit,
338 4093 384 4162 qui
403 4092 437 4148 ab
457 4095 547 4152 Attica
563 4096 731 4166 proficiscens
748 4097 862 4167 primum
886 4098 1036 4153 nominavit
1053 4097 1192 4165 Helenam,
1219 4098 1313 4155 deinde

246 4197 306 4236 vero
325 4182 359 4236 ad
378 4181 506 4254 Cycladas
525 4201 552 4240 se
571 4186 709 4241 convertit.
737 4186 797 4242 ride
815 4185 904 4243 strab.
923 4187 948 4240 X
966 4205 991 4257 ρ.
1010 4185 1082 4243 485³.
