3134 4964
674 441 895 507 ..pp-

249 636 375 703 διπλοῦν.
407 633 435 703 ‘a
465 637 619 722 superiore
651 637 745 704 stadii
776 641 865 723 parte
896 656 984 705 mons
1016 657 1110 723 cupra
1138 639 1248 706 Ilieum
1279 658 1316 706 ex

248 745 358 812 lunata
380 745 480 811 forma
503 764 627 812 exorsus
643 746 681 812 ad
697 746 834 813 fluminis
850 745 950 829 ripam
965 746 1103 812 decurrit
1116 748 1198 812 recta
1214 746 1316 830 dupli-

249 852 336 934 cique
359 849 460 918 linea.
485 871 557 918 nam
580 849 675 920 ‘trans
699 849 817 920 llisum’
840 853 866 919 si
889 854 957 936 quie
973 856 1092 920 vertere
1112 853 1215 933 vellet,
1239 873 1317 939 quae

250 959 373 1045 quidem
402 959 541 1028 definitio
574 980 634 1028 non
664 963 764 1044 posset
795 960 854 1027 nisi
883 980 919 1027 ex
950 960 1080 1027 Athenis
1110 961 1150 1027 ad
1178 961 1316 1027 dextram

252 1067 349 1151 ripam
374 1066 442 1132 sitis
458 1067 609 1152 intellegi,
633 1086 724 1134 sensa
738 1067 770 1134 id
785 1073 905 1136 careret
918 1070 1090 1152 propterea,
1114 1069 1185 1152 quia
1200 1069 1318 1135 Pansa·

250 1174 315 1239 nias
353 1173 468 1241 flumen
502 1174 565 1239 iam
595 1174 716 1240 traiecit
744 1175 850 1258 paullo
883 1179 973 1243 ante:
1013 1176 1168 1259 διαβᾶσι
1205 1176 1238 1239 δὲ
1269 1179 1317 1240 τὸν

250 1277 385 1345 Εἰλισοὸν
408 1284 517 1368 χωρίον
536 1278 648 1365 Ἄγραι
671 1283 852 1368 ααλοὺμενον
875 1285 927 1346 καὶ
948 1286 1019 1356 ναὸς
1035 1279 1217 1368 Ἀγροτέρας
1239 1279 1315 1347 ἐστὶν

250 1384 432 1472 Ἀρτέμιδος.
462 1388 633 1472 periegetae
660 1388 824 1471 descriptio
847 1387 970 1472 insuper
992 1389 1091 1456 stadio
1115 1391 1223 1456 effosso
1246 1408 1318 1455 con·

250 1495 375 1562 firmata
405 1497 462 1562 eet.
493 1495 532 1561 of.
564 1496 653 1563 Bure.
676 1496 698 1561 l.
723 1515 748 1564 c.
773 1496 789 1561 Ι
811 1514 840 1578 p.
858 1498 934 1574 320,
958 1496 1175 1562 Wachemuth.
1205 1497 1227 1563 l.
1251 1516 1278 1564 c.
1302 1497 1318 1561 Ι

250 1621 281 1686 p.
298 1604 378 1682 234,
409 1601 621 1670 Milchhoeier.
652 1598 774 1668 ‘Athen'
803 1604 834 1669 in
865 1603 1070 1671 Baumeieteri
1096 1599 1280 1671 ‘Denkmtl'
1303 1603 1318 1666 Ι

250 1728 281 1793 p.
299 1711 374 1792 184,
402 1708 538 1794 Lolling.
562 1704 707 1793 ‘Topoga
730 1729 760 1774 ν.
784 1704 873 1774 Ath?
901 1709 933 1775 in
962 1709 1106 1775 Muelleri
1135 1706 1318 1789 ‘Handbuch

252 1814 281 1882 d.
305 1816 400 1882 klass.
424 1811 503 1882 Alt'
525 1816 575 1883 Ill
597 1835 628 1900 p.
645 1818 720 1883 324.

317 1921 363 1987 IV
388 1924 418 2004 7,
436 1927 455 1989 5
480 1925 512 1986 τὸ
536 1918 563 1986 δ’
585 1919 700 1986 ἱππικὸν
723 1925 774 1987 καὶ
798 1919 825 1986 οἱ
847 1923 927 2009 ψιλοὶ
949 1927 1143 2009 συμμίσγουσι
1165 1925 1218 2008 μὲν
1241 1926 1319 1987 κατὰ

251 2032 284 2094 τὸ
306 2025 398 2115 ὑπὲρ
413 2025 484 2116 (ὑπό
500 2029 535 2095 Μ
555 2029 612 2114 Va)
634 2026 699 2116 τὴν
721 2030 936 2116 χαράδραν.
960 2030 1080 2114 pedites
1098 2031 1202 2116 gravis
1217 2048 1319 2096 arma·

250 2139 339 2204 turae
362 2155 489 2203 manum
512 2154 668 2205 conserere
691 2156 751 2203 non
774 2139 929 2220 poterant,
953 2136 1034 2219 quod
1056 2137 1138 2203 inter
1156 2139 1320 2221 utramque

251 2246 372 2326 partem
395 2242 564 2326 profundae
580 2244 669 2310 erant
685 2242 795 2323 fauces,
820 2235 938 2326 equites
954 2244 1058 2310 antem
1077 2246 1109 2310 et
1124 2244 1202 2310 levis
1217 2262 1320 2309 arma·

252 2354 340 2417 turae
355 2349 472 2417 milites
487 2351 626 2416 cominus
641 2349 823 2434 pugnabant
837 2354 916 2414 κατὰ
931 2352 963 2413 τὸ
986 2346 1058 2435 ὑπὲρ
1081 2354 1133 2438 τὴν
1149 2351 1320 2436 χαράδραν;

253 2456 362 2541 quibus
384 2457 486 2524 verbis
509 2476 568 2523 non
591 2459 694 2540 potest
716 2456 776 2524 uisi
790 2456 818 2524 is
833 2458 918 2524 locus
934 2457 1112 2543 significari,
1137 2477 1196 2541 quo
1217 2458 1321 2524 fauces

254 2564 285 2629 in
309 2564 497 2647 superiorem
520 2565 654 2649 aliquem
677 2584 820 2648 campum
843 2566 1014 2633 transeunt.

319 2672 335 2735 Ι
359 2674 449 2750 327
474 2667 567 2756 ὑπὲρ
592 2672 624 2737 δὲ
647 2675 710 2759 τὴν
732 2672 870 2760 λίμνην
893 2675 1000 2761 φάτναι
1022 2668 1077 2760 εἰσὶ
1092 2672 1179 2736 λίθον
1195 2681 1251 2735 τῶν
1271 2667 1321 2734 ἵπ-

252 2800 314 2844 πων
336 2789 393 2843 τῶν
415 2775 644 2868 Ἀρταφέρνους,
675 2782 728 2843 καὶ
751 2789 862 2866 σημεῖα
885 2775 915 2844 ἐν
938 2783 1058 2862 πέτραις
1080 2788 1203 2865 σκηνῆς.
1228 2796 1321 2861 snpra

253 2885 396 2970 paludem
420 2887 596 2969 praesaepia
613 2886 815 2968 Artaphernis
839 2904 987 2970 equorum
1004 2884 1195 2970 vestigiaque
1217 2884 1321 2950 taber-

254 2991 355 3059 naculi
372 2990 549 3076 apparuisse
562 2991 668 3060 addita
683 2992 777 3060 verba
791 2993 881 3056 λίθοιν
897 2995 990 3075 atque
1006 2989 1036 3055 ἐν
1047 2994 1167 3075 πέτραις
1177 2990 1321 3075 probant.

255 3101 286 3164 et
302 3118 407 3182 reapse
422 3098 658 3185 Lollingins¹²⁸l
681 3098 713 3165 in
730 3100 808 3165 colle
823 3118 914 3183 super
929 3097 1074 3181 paludem
1089 3097 1320 3165 Marathoniam

254 3207 293 3274 ad
308 3201 401 3272 ‘Kato
418 3202 493 3272 Suli'
508 3206 610 3273 vicum
627 3205 688 3272 sito
704 3224 793 3289 rupee
805 3205 954 3289 quaedam
969 3205 1087 3273 invenit
1102 3203 1148 3271 ita
1163 3204 1321 3287 formatas,

254 3314 292 3379 ut
314 3312 405 3378 facile
427 3312 498 3379 inde
528 3312 659 3396 populus
690 3311 937 3396 praesaepiorum
969 3311 1188 3396 cogitationem
1218 3311 1321 3377 animo

256 3420 412 3503 concipere
434 3419 581 3503 potuerit.

322 3526 383 3591 vll
401 3529 454 3610 25,
471 3530 490 3593 5
508 3529 581 3612 μετὰ
594 3525 626 3590 δὲ
637 3522 759 3613 Ἑλίκην
775 3523 973 3614 ἀποτραπήσῃ
984 3548 1015 3591 τε
1027 3524 1086 3591 ἀπὸ
1097 3526 1260 3613 θαλάσσης
1269 3525 1323 3616 Ψ)

256 3629 288 3707 ἐς
311 3631 405 3706 δεξιὰν
427 3635 479 3697 καὶ
501 3629 580 3719 ἥξεις
603 3629 635 3705 ἐς
657 3635 689 3696 τὸ
704 3634 836 3718 πόλισμα
852 3630 1025 3717 depaverat-1
1046 3632 1170 3717 ᾤκισται
1190 3633 1223 3696 δὲ
1238 3629 1322 3716 ὑπὲρ

256 3742 317 3825 τὴν
340 3741 520 3828 λεωφόρον
543 3737 659 3824 eope.
685 3739 865 3824 oppidulum
886 3740 977 3806 hoca
1000 3738 1109 3807 dextra
1124 3759 1217 3807 manu
1232 3759 1325 3823 snpra

256 3846 340 3914 viam
363 3846 531 3914 militarem
555 3848 588 3914 in
611 3850 726 3927 monte,
750 3849 787 3915 ut
809 3846 915 3912 ruinae
938 3846 1003 3913 eins
1026 3846 1203 3930 ostendunt,
1228 3846 1323 3912 sitnm

330 4095 553 4166 ¹¹⁸)Ath.n1itt.
572 4096 585 4152 1
606 4096 675 4155 rare
693 4113 719 4168 p.
733 4097 777 4153 eo.

331 4182 377 4255 ¹⁹⁴)
395 4185 418 4241 I.
436 4203 459 4240 e.
478 4201 494 4240 a
512 4185 557 4242 via
575 4184 701 4254 militari;
721 4185 755 4239 cf·
773 4184 790 4253 ὅ
809 4185 834 4240 8·
